3000 5062
278 301 343 365 358
502 306 555 361 DE
577 305 782 361 POEXARL'M
802 303 1167 361 coafflcxlcn‘rlonu
1255 306 1391 379 [hau

282 469 414 539 venerit.
453 468 518 536 Sed
542 478 575 535 st
596 469 655 533 hoo
678 467 837 533 sciendum
853 475 912 544 est,
929 467 1069 534 latrones
1082 490 1121 534 ae
1134 467 1256 556 piratas
1269 471 1330 558 qui
1344 472 1391 540 its

282 571 481 637 invaluerunt
497 579 533 634 ut
549 567 759 634 formidabiles
773 589 808 632 se
820 566 961 645 feeerint,
973 577 1060 634 reeta
1075 567 1173 656 reeipi
1188 590 1229 635 ae
1245 570 1389 653 defendi,

282 692 405 758 poenam
422 668 507 754 quod
523 668 644 742 attinet,
666 667 740 752 quia
761 667 892 733 interest
907 667 1035 733 humani
1052 667 1178 757 generis
1190 678 1231 735 ut
1245 669 1275 737 si
1291 671 1389 738 aliter

282 792 346 835 non
364 777 494 857 possum
513 766 707 854 impunitatis
727 766 840 832 fiducia
859 789 881 831 a
901 766 1058 832 maleficiis
1077 776 1279 847 reroeentur,
1302 771 1388 858 ejus-

284 890 345 955 que
360 867 519 958 negotium
537 888 648 955 gerere
665 865 766 951 quivis
781 865 914 953 populus
927 875 984 931 aut
997 866 1103 955 popuii
1118 876 1225 933 raeter
1239 878 1360 956 potest

354 970 412 1035 VI.
460 972 479 1033 1
515 965 693 1032 Notandum
717 975 750 1031 et
765 965 833 1042 hoe,
852 964 976 1030 interim
998 967 1072 1032 dum
1088 967 1130 1033 de
1143 988 1249 1033 eauaoe
1257 968 1389 1056 justitia

282 1067 488 1157 eognoseitur,
518 1066 646 1133 defendi
672 1064 834 1152 supplices.
886 1064 938 1131 Sie
962 1066 1150 1154 Demophon
1173 1067 1218 1134 sd
1240 1068 1387 1159 Ιοςιιιιιιι

113 1178 266 1265 {Quem
283 1167 497 1257 Eurystheosr

496 1268 529 1322 Si
543 1268 649 1321 crimen
664 1267 725 1322 istis
739 1267 852 1339 aliquod
868 1267 1026 1339 hospitibus
1039 1268 1133 1333 struis,

493 1354 512 1407 J
515 1370 546 1407 us
561 1353 739 1424 impetrabis:
762 1355 789 1408 ri
801 1354 915 1426 quidem
927 1353 993 1409 hine
1004 1371 1063 1410 non
1073 1355 1228 1412 abstrahes

281 1470 325 1536 Et
336 1467 369 1534 in
386 1468 488 1535 altera
504 1466 659 1554 tragoedia
675 1466 815 1532 Theseus
830 1467 873 1533 ad
890 1468 1078 1548 Creontem:

494 1571 533 1625 Es
548 1570 656 1624 facinus
671 1587 756 1625 ausus
770 1573 878 1626 8ιοιιιοι
889 1571 1044 1643 indignum,
1059 1571 1142 1637 Oreo,

496 1657 619 1727 Tuisque
631 1656 736 1711 Thebis
750 1674 784 1712 ae
798 1658 854 1712 tuis
866 1658 1034 1729 majoribus:

495 1744 640 1813 Ingressus
654 1744 753 1798 urbem
768 1760 830 1814 quae
845 1743 913 1798 eolis
926 1743 970 1798 fas
984 1761 1018 1799 ae
1032 1744 1121 1815 pium,

497 1829 566 1894 Qum
581 1836 683 1882 cuneta
698 1829 752 1884 rite
766 1829 835 1901 legis
849 1846 884 1883 ex
899 1846 998 1884 norma
1012 1830 1090 1894 facit,

495 1915 606 1970 Nostris
622 1915 729 1969 omissis
744 1915 877 1979 moribus,
892 1916 1024 1987 quiequid
1039 1915 1119 1971 lubet

494 2000 612 2064 hloliris,
626 2009 656 2055 et
670 2001 697 2054 vi
712 2008 814 2055 cuneta
828 2008 858 2056 te
872 2009 1002 2056 acturum
1016 2008 1108 2073 putas.

495 2086 612 2141 Adeone
626 2086 786 2141 hominibus
800 2087 885 2141 vidua
898 2087 943 2142 rel
956 2088 1066 2160 patiens
1077 2088 1140 2160 jugi

493 2173 570 2227 Urbs
584 2173 639 2227 ista
652 2173 711 2227 risa
725 2178 777 2234 est,
792 2179 821 2227 et
836 2190 889 2243 ego
907 2173 1010 2228 nullius
1025 2173 1085 2228 rei?

493 2259 561 2313 Neu
576 2265 606 2313 te
623 2260 677 2313 ista
692 2258 787 2314 doeuit
802 2259 899 2313 civitas
913 2259 1090 2330 Amphionis,

495 2345 608 2416 Quippe
622 2344 744 2400 educare
758 2345 835 2399 haud
849 2344 932 2399 solita
945 2345 1079 2401 mortales
1092 2345 1181 2403 feros:

491 2432 553 2485 Noe
568 2431 736 2502 approbabit
750 2430 800 2485 illa
813 2448 878 2485 eum
892 2437 922 2486 te
935 2430 1075 2487 audiverit

493 2516 562 2580 Qua
574 2523 640 2570 sunt
654 2517 788 2581 Deorum,
802 2534 920 2588 quaeque
933 2534 998 2572 mea
1011 2518 1174 2589 pervadere,

491 2600 530 2654 Et
544 2617 643 2671 rapere
660 2600 696 2655 ab
711 2602 787 2656 alma
800 2603 867 2658 sede
882 2604 997 2658 miseros
1011 2604 1151 2676 supplices

492 2686 553 2755 Ego
567 2686 716 2739 Labdacea
730 2688 753 2740 si
768 2687 838 2742 urbe
852 2689 1006 2761 posuissem
1021 2690 1132 2761 podem

493 2770 626 2834 Quamvis
639 2770 759 2826 fuissent
769 2773 847 2843 justa
860 2774 930 2828 mihi
944 2777 1107 2841 eertisaima,

490 2855 620 2920 Indubia,
634 2857 705 2911 nulli
717 2857 832 2929 injicere
846 2865 999 2916 tentassem
1013 2878 1137 2927 manum,

490 2942 553 2997 Nisi
568 2951 710 2998 annuente
725 2946 773 3017 qui
788 2945 841 3000 soli
854 2963 973 3018 regnum
987 2953 1075 3013 tenet,

317 3101 329 3130 ⁸
343 3100 390 3149 Eat
404 3102 428 3147 in
441 3101 527 3149 Graeo
540 3102 607 3163 ἐμοῦ,
621 3102 686 3161 apud
698 3104 800 3151 Sorno·
849 3109 872 3151 et
884 3103 983 3151 Conoed.
994 3105 1072 3154 Grae.
1081 3105 1155 3153 habet
1165 3106 1238 3154 οιίιιιι
1250 3111 1280 3166 te,
1296 3113 1382 3160 aneto

272 3190 351 3234 οιιιιι,
368 3177 454 3238 OEdip.
471 3176 553 3224 chion.
569 3191 629 3224 vers.
642 3178 688 3226 904
703 3178 739 3239 [v.
755 3180 800 3228 911
850 3194 900 3242 que
925 3181 985 3238 tato,
1010 3196 1085 3241 quum
1110 3182 1144 3229 ibi
1163 3187 1230 3231 reete
1252 3185 1383 3247 scripserit

271 3252 463 3315 EdDindorfi]
494 3253 523 3301 lu
537 3252 667 3314 Excerptis
682 3269 711 3301 ea
726 3256 798 3316 Τναᾳ.
850 3254 918 3316 spos,
933 3254 1086 3316 pug.98‚99.
1117 3254 1186 3304 m.

271 3495 413 3552 defended
431 3495 481 3564 [en
501 3500 646 3554 condition
661 3500 695 3554 of
706 3501 842 3571 desisting
856 3500 930 3553 from
946 3499 1022 3555 their
1038 3501 1093 3555 evil
1112 3503 1258 3573 praetiosa,
1273 3499 1326 3575 a]
1341 3523 1377 3563 sn

271 3582 316 3635 fur
330 3598 360 3635 as
375 3581 557 3652 punishment
570 3600 653 3653 goea;
671 3585 791 3640 because
806 3587 829 3638 it
843 3587 866 3639 is
880 3585 930 3640 the
942 3587 1059 3642 interest
1073 3587 1106 3642 ef
1118 3588 1166 3644 the
1177 3588 1284 3644 human
1297 3607 1378 3659 mee,

271 3665 334 3721 that
348 3665 374 3717 if
385 3664 452 3734 thoy
466 3675 570 3720 cannot
581 3667 618 3721 be
633 3669 774 3723 reformed
790 3671 819 3722 in
834 3685 888 3741 any
902 3671 984 3726 other
993 3690 1062 3745 way,
1075 3673 1144 3746 they
1158 3691 1223 3746 may
1236 3675 1273 3730 be
1286 3692 1320 3732 so
1334 3677 1377 3750 by

270 3748 320 3804 the
334 3765 483 3803 mauranus
494 3751 528 3804 or*
540 3752 680 3823 irnpunity
699 3751 744 3806 sor
762 3754 811 3808 tho
825 3762 905 3824 past3
926 3759 983 3812 and
997 3776 1053 3830 any
1067 3760 1168 3832 people
1180 3776 1214 3815 or
1224 3778 1279 3834 any
1293 3763 1377 3819 ruler

269 3851 335 3905 may
347 3835 488 3906 negotiata
500 3836 568 3891 such
581 3854 599 3890 a
614 3844 724 3892 matter.

325 3922 374 3976 VI.
411 3927 425 3977 1
449 3922 476 3977 lt
491 3923 515 3978 is
528 3930 560 3978 ιο
575 3923 611 3977 bo
629 3924 777 3979 remarked
792 3927 855 3981 that
869 3927 892 3980 it
906 3931 1066 3987 sometimes
1085 3931 1213 4004 happens
1226 3931 1290 3988 that
1304 3950 1374 4006 sup-

268 4007 372 4079 pliants
387 4024 435 4064 aro
448 4008 589 4065 defended
607 4004 806 4084 [provisorityh
818 4013 860 4068 till
876 4012 950 4069 their
962 4032 1025 4070 ease
1037 4034 1090 4071 ean
1106 4017 1141 4072 bo
1156 4016 1241 4090 fairly
1250 4019 1371 4091 judged.

270 4096 308 4148 b'o
323 4094 493 4166 Demophon
504 4112 566 4168 says
584 4103 615 4149 ιο
630 4094 678 4150 tha
691 4113 850 4171 messenger
861 4099 895 4153 of
902 4101 1084 4172 Eurystheus,
1096 4103 1159 4158 that
1171 4104 1196 4159 if
1205 4103 1303 4160 hohas
1314 4123 1374 4179 any

268 4178 370 4252 charge
389 4181 497 4251 against
512 4181 561 4235 tho
576 4181 713 4253 refugooa,
732 4183 768 4239 he
787 4186 841 4238 will
855 4186 951 4240 obtain
962 4188 1073 4257 justise,
1085 4189 1138 4244 but
1152 4189 1215 4245 that
1230 4190 1274 4244 till
1290 4191 1371 4257 then,

267 4266 335 4337 thoy
350 4267 404 4319 will
420 4271 470 4321 not
485 4266 521 4320 bo
535 4267 618 4337 gisen
630 4286 677 4341 up.
712 4270 777 4325 And
792 4272 821 4325 in
836 4271 956 4327 arrother
970 4274 1088 4346 tragedy
1103 4275 1165 4343 [the
1182 4276 1301 4348 OEde'pus
1318 4278 1371 4333 Go-

266 4351 356 4408 leneus
370 4351 404 4405 os
415 4350 577 4422 Sophocles,
592 4371 617 4409 v.
632 4352 704 4423 9041.
738 4357 863 4412 Theseus
878 4375 940 4430 says
955 4365 985 4413 to
1001 4358 1092 4414 creon
1107 4360 1171 4415 that
1182 4362 1204 4416 it
1220 4363 1242 4415 is
1258 4364 1372 4432 against

265 4434 315 4490 tho
332 4437 455 4507 practica
476 4437 510 4491 of
521 4438 629 4495 Athens
644 4449 673 4497 te
691 4443 754 4515 give
770 4461 809 4516 up
830 4444 968 4516 refugees.
1004 4446 1084 4501 Your
1098 4452 1229 4520 attempt,
1243 4448 1281 4503 he
1295 4465 1372 4523 says,
