3000 5062
286 303 351 367 224
609 312 663 369 DE
685 312 784 368 JURE
807 312 1058 369 SEPULTURAE.
1259 308 1334 378 [Lm.
1349 311 1387 366 ΙΙ.

285 473 419 542 heminis
441 496 553 562 corpus
567 479 626 541 8ex
647 484 734 541 terra
755 483 859 542 ertum
880 483 975 541 terroe
992 473 1108 550 deberi,
1131 495 1195 538 non
1212 475 1300 539 Deus
1320 483 1390 541 tan·

287 584 355 639 tum
371 574 492 639 Adamo
509 574 616 650 edixit,
640 574 695 640 scd
712 584 745 641 et
760 574 862 640 Graeci
885 572 1050 659 Latinique
1071 573 1185 660 passim
1207 583 1388 662 agnoscunt

123 682 189 767 2¹⁴⁶-
200 681 260 729 Μ
290 673 399 739 Cicero
416 695 456 738 ex
472 672 630 761 Euripidis
648 672 847 761 Hypsipyle:

633 791 792 847 Reddenda
804 799 888 848 terrac
899 798 986 848 terra.

125 909 182 949 aas
192 908 257 953 zur.
288 892 332 957 Et
348 890 431 976 qued
444 890 528 977 apud
543 890 737 957 Salomonem
752 888 883 978 legimus
894 888 1055 975 pulverem
1071 888 1196 974 quidem
1213 889 1254 955 ed
1272 897 1391 955 terram

286 989 393 1055 redire
417 990 510 1075 quale
533 991 647 1067 iuerat,
673 988 817 1075 spiritum
845 997 949 1054 autem
974 986 1016 1053 ad
1039 987 1141 1053 Deum
1169 987 1223 1073 qui
1248 988 1390 1066 dederat,

287 1088 454 1175 Euripides
470 1088 529 1153 hoc
551 1089 651 1175 ipsum
673 1095 890 1176 argumentum
907 1108 948 1151 ex
964 1108 1097 1173 perseus
1120 1086 1234 1152 Thesei
1249 1087 1282 1152 in
1306 1092 1392 1173 Sup-

281 1189 428 1271 plicihaa
443 1196 583 1253 hermus
598 1185 642 1252 sic
658 1186 703 1251 sit
720 1189 815 1270 (vers.
832 1187 908 1262 531,
926 1193 960 1250 ct
975 1187 1094 1270 seqq.):

505 1306 571 1360 Jam
585 1305 669 1360 sinite
683 1311 766 1359 terrae
778 1310 904 1359 mertuos
918 1303 1025 1375 gremio
1040 1303 1117 1373 tegi:

506 1392 564 1445 Res
578 1391 654 1445 unde
668 1407 786 1461 qumque
801 1397 939 1445 sumserat
952 1389 1138 1461 primordium

504 1477 547 1530 Ee
562 1476 713 1548 recipitur:
737 1476 850 1547 spiritus
866 1475 936 1530 coslo
948 1475 1031 1539 redit,

506 1561 670 1632 corpusque
684 1567 783 1615 terrm:
802 1562 868 1631 jure
882 1577 935 1616 uec
949 1561 1026 1615 enim
1039 1560 1181 1631 mancupi,

506 1646 562 1701 Sed
578 1647 670 1701 brevis
684 1646 722 1700 sd
735 1647 787 1700 sevi
803 1652 913 1717 tempus
927 1646 1066 1701 utendum
1078 1645 1176 1700 datur:

504 1732 572 1786 Mox
586 1739 663 1787 terra
677 1732 781 1803 repetit
795 1732 857 1804 ipsa
871 1731 947 1804 quod
961 1732 1125 1786 nutriverat

288 1827 452 1893 Lucretius
465 1827 605 1895 similiter
621 1829 661 1895 de
678 1839 766 1895 terra
782 1828 865 1912 (Lib.
883 1851 914 1896 v.
931 1850 1011 1895 vers.
1031 1830 1153 1913 1260):

419 1948 606 2020 Omnipsrens
618 1948 717 2003 eadem
731 1964 826 2003 rerum
841 1954 885 2003 est
899 1964 1049 2002 commune
1063 1947 1252 2019 sepulchrum.

208 2096 214 2109 .
291 2044 401 2110 Cicero
415 2049 455 2112 dc
471 2047 614 2131 Lepidam
630 2068 664 2112 11.
683 2068 722 2112 ex
739 2046 968 2132 Xenophonte:
986 2047 1136 2111 redditur
1153 2059 1248 2111 teres
1264 2066 1391 2128 cmpos,

289 2146 387 2208 etita
405 2146 545 2210 ιοοοιιιοι
561 2169 602 2211 oc
622 2148 722 2211 situm
736 2147 834 2231 quasi
853 2146 1047 2231 operimento
1069 2146 1188 2209 matris
1207 2145 1391 2208 obducitur.

334 2326 347 2360 s
361 2317 402 2362 Ea
413 2321 479 2363 terra
489 2322 567 2363 crtum
574 2322 643 2364 terre
651 2317 741 2378 debers]
756 2317 813 2364 Job.
858 2317 914 2375 jaas
923 2316 1058 2377 ἀιριιιιιιιιιι
1068 2321 1192 2376 perimes
1203 2330 1232 2362 ne
1244 2314 1393 2361 laceraretur

290 2409 314 2442 x.
329 2394 352 2442 9.
367 2393 438 2439 Philo
453 2394 478 2439 in
493 2393 622 2441 flaccum:
647 2393 786 2453 ἀνθρώποις
800 2392 815 2448 si
865 2392 977 2438 abelluir.
994 2391 1065 2437 Etds
1071 2391 1164 2450 Apibus
1170 2389 1286 2449 Virgilius
1292 2387 1392 2448 (θοοῖς.

289 2471 366 2528 φύσει
376 2467 527 2528 οἰκειότερον
533 2470 626 2529 χωρίον
633 2469 817 2528 ἀπένειμιγῆν,
866 2477 901 2510 tv.
913 2466 980 2524 256):

290 2546 319 2589 οὐ
328 2542 402 2601 μόνον
413 2544 496 2601 ζῶσιν,
505 2542 575 2589 ἄλλά
584 2543 625 2589 scal
637 2542 814 2599 ἀποθανοῦσιν,
934 2553 987 2592 dium
995 2564 1081 2602 corpora
1088 2555 1133 2594 luce
1140 2556 1253 2600 mentum.

288 2617 320 2662 'tv'
331 2616 346 2670 ri
356 2615 420 2669 cirri
430 2617 472 2660 ital
481 2615 528 2669 τήν
542 2614 646 2671 πρώτην
661 2614 816 2673 ὑποδέχηται
866 2616 1049 2665 Rxportsuttectds,
1058 2621 1079 2656 st
1086 2617 1230 2657 mutuum
1236 2616 1321 2654 ducunt

290 2690 399 2751 γένεσιν,
409 2689 504 2742 xalrrir
511 2690 538 2735 ἐκ
545 2690 655 2748 τοῦβίου
663 2689 816 2738 τελευταίαν
864 2695 977 2743 Senius:
992 2709 1043 2743 eum
1049 2697 1180 2756 cremiali
1189 2695 1382 2755 adticepoapa.
1448 2702 1453 2713 “

288 2762 420 2810 ἀνάλυσιν.
450 2761 581 2821 Proprium
596 2763 726 2809 trininitas
741 2763 816 2810 locum
911 2770 987 2816 ³Non
997 2771 1022 2816 id
1031 2770 1092 2816 dixit
1099 2770 1268 2817 Democritus
1283 2770 1325 2816 ssd
1336 2784 1393 2817 eccs

289 2845 379 2886 natura
389 2844 476 2886 unam
486 2839 577 2894 tribuit,
591 2853 632 2886 acc
646 2841 707 2885 eiust
720 2845 816 2899 ιαιιιιιιιι,
865 2845 939 2890 verbs
955 2844 1051 2902 Parum,
1062 2857 1164 2904 quorum
1179 2857 1275 2890 ssnsmu
1289 2845 1393 2890 mutavit

289 2916 333 2964 sed
351 2920 373 2962 et
389 2915 496 2969 mortuiis,
512 2919 539 2960 ut
557 2915 638 2961 eadem
656 2929 709 2975 quoe
723 2916 817 2974 primos
868 2919 971 2977 Auctor,
985 2919 1042 2965 dum
1062 2934 1092 2966 ex
1112 2919 1226 2965 memoria
1245 2919 1337 2976 οἱιοιοι,
1353 2919 1393 2964 vel

289 2990 391 3049 suscepit
399 2989 497 3045 ποιοῖτε,
507 2989 623 3049 accipiat
634 2994 656 3035 et
664 3003 694 3035 ee
706 2989 752 3036 isac
765 2991 817 3036 cita
866 2993 1008 3040 testinantes·
1017 2994 1125 3053 legeret:
1137 2992 1228 3041 Similis
1237 2997 1271 3038 est
1280 2997 1301 3038 et
1311 2992 1340 3038 de
1346 2992 1393 3037 ad-

290 3066 384 3112 eritum.
410 3064 483 3124 (Peg.
496 3063 541 3113 991
552 3065 590 3124 c.)
622 3065 744 3123 Attamen,
754 3066 817 3113 sicut
865 3067 1136 3126 serearrdiseorperiius
1150 3068 1314 3123 hominemne
1329 3067 1392 3112 resi-

290 3138 572 3185 nullumsstiuhomine
583 3138 674 3184 tactum
689 3138 816 3196 laudabile,
866 3141 978 3199 emendi,
991 3142 1114 3200 promissa
1132 3141 1270 3187 Democrito
1290 3140 1394 3197 mattas,

290 3210 554 3272 cuiusuonvcstlgium
566 3210 592 3256 in
605 3211 652 3257 allo
668 3211 749 3271 alique
763 3212 815 3256 aui·
866 3216 1125 3275 quimoreoioeitipre.
1155 3214 1246 3274 Agitur
1254 3214 1287 3260 ibi
1298 3218 1393 3259 tantum

289 3287 406 3333 mendum
424 3298 513 3346 genere
528 3286 596 3332 Deus
612 3285 726 3345 posuerit,
742 3286 777 3331 its
792 3289 817 3332 ct
867 3291 898 3336 ds
912 3289 1086 3336 resurrectione
1100 3289 1211 3349 quadum,
1226 3288 1293 3348 cujus
1308 3287 1394 3348 imagi·

289 3359 314 3404 in
333 3359 377 3404 hac
391 3372 419 3404 rs
433 3357 526 3404 creuit:
546 3359 576 3404 ds
592 3358 707 3404 Formicis
727 3358 818 3404 Plinius
867 3374 922 3406 nem
933 3360 977 3405 sihi
988 3360 1089 3406 finxerat
1098 3359 1266 3418 Philosophus,
1273 3371 1394 3417 quamque

288 3433 352 3479 libro
370 3445 409 3478 11.
429 3434 468 3479 30.
495 3431 644 3491 sepeliantur
664 3433 725 3478 inter
741 3447 766 3479 se
781 3433 817 3478 ut·
868 3434 959 3480 Plinius
979 3433 1249 3480 vocatadsereatienem
1269 3445 1394 3490 corporum

289 3506 553 3565 centismsoioe,proeter
562 3507 817 3567 hemiacm.Atisipse
867 3509 1033 3557 humanorum.
1064 3510 1159 3556 Auctor
1173 3510 1212 3556 vel
1231 3508 1300 3569 legit,
1315 3508 1353 3552 rel
1368 3508 1393 3551 iu

290 3581 320 3625 ds
341 3579 469 3639 Delphinis
488 3579 541 3625 Lib.
563 3592 601 3624 rx.
620 3581 644 3627 8.
658 3582 819 3640 conspectique
867 3589 948 3630 mente
968 3584 1061 3641 habuit,
1081 3583 1150 3644 qussi
1169 3583 1242 3630 verba
1261 3582 1295 3628 sic
1315 3578 1394 3641 posita

290 3825 367 3880 earth
387 3841 419 3878 as
440 3824 462 3878 ἰι
483 3842 549 3891 ιοοι,
566 3827 624 3881 and
637 3828 678 3881 tite
691 3827 771 3897 spirit
788 3830 859 3882 shall
872 3840 967 3887 return
981 3842 1007 3887 ιο
1025 3833 1089 3887 God
1107 3833 1166 3886 who
1177 3847 1244 3902 poue
1260 3831 1292 3886 ιἰ.
1337 3829 1394 3885 See

290 3910 458 3981 Euripiden
479 3910 643 3976 Lucretius;
665 3913 771 3980 cicero,
790 3914 864 3969 from
884 3917 1054 3988 Xenophon.
1088 3917 1173 3988 Pliny
1184 3932 1246 3988 says
1264 3914 1326 3971 that
1343 3914 1394 3970 the

290 3995 372 4051 earth
392 3996 515 4051 receives
533 4013 567 4050 us
581 3996 662 4052 when
684 4015 726 4053 we
743 4016 791 4055 are
805 4000 907 4065 born*,
924 4003 1070 4058 nourishes
1090 4019 1123 4057 us
1144 4018 1175 4056 ss
1190 4018 1231 4056 we
1248 4017 1324 4072 grew
1346 4017 1395 4072 up,

290 4081 370 4136 foede
385 4098 427 4149 us
439 4087 470 4136 at
492 4097 579 4154 every
592 4099 653 4153 age,
671 4084 727 4137 arrd
749 4090 779 4139 st
800 4085 856 4140 last
877 4088 997 4143 receives
1015 4103 1049 4142 us
1066 4089 1128 4142 inte
1149 4089 1185 4143 its
1207 4086 1306 4142 bosom
1327 4101 1358 4140 as
1376 4103 1394 4140 a

290 4167 410 4231 mother,
428 4165 508 4222 when
523 4166 572 4222 the
586 4174 645 4222 rest
659 4168 692 4223 of
702 4175 802 4225 nature
813 4174 913 4241 rejects
925 4189 967 4227 us.

349 4258 365 4308 3
393 4252 495 4307 Others
507 4252 589 4307 think
600 4253 663 4308 that
677 4253 726 4309 the
741 4255 815 4327 hope
830 4257 864 4311 of
875 4258 924 4312 the
938 4258 1127 4313 resurrection
1141 4274 1197 4312 uss
1211 4254 1347 4311 intended
1363 4261 1393 4311 ιο

289 4336 327 4391 be
342 4337 459 4391 marked
470 4337 509 4410 by
520 4338 577 4393 this
595 4341 726 4410 practice,
740 4341 795 4396 and
811 4344 990 4398 transmitted
1003 4348 1033 4397 to
1047 4343 1193 4415 posterity.
1232 4343 1271 4397 So
1285 4342 1393 4395 Deme·

311 4449 325 4477 ⁸
341 4451 472 4511 Referring
480 4457 507 4498 te
519 4453 561 4500 the
571 4455 676 4514 practice
686 4456 713 4502 et
720 4456 802 4518 lsying
811 4471 826 4503 s
835 4459 963 4505 neor-bova
974 4457 1038 4504 child
1048 4470 1080 4503 ou
1090 4457 1132 4504 the
1141 4457 1245 4518 ground.
1266 4456 1371 4504 Gronov.
