3000 5062
127 301 198 356 Car.
213 297 294 367 XV]
340 300 393 354 DE
415 300 634 354 FEDERIBUS
657 298 706 353 AC
730 296 1022 356 SPONSIONIBUS.
1173 296 1234 358 135

125 469 225 537 rebus
249 465 357 555 ceptis,
383 475 416 533 et
440 466 483 533 ad
508 466 706 533 securitatem
733 465 888 532 conveniri
912 466 1021 545 solent,
1048 489 1110 556 qua
1135 467 1175 535 de
1200 491 1237 536 re

128 567 287 657 egendum
305 566 364 633 erit
380 565 463 633 infra
479 567 512 632 in
529 566 602 633 belli
619 565 778 632 effectibus
793 575 826 633 et
843 568 1059 634 consectaneis.
1086 568 1236 657 AEqualia

127 665 296 746 societatis,
313 673 370 733 sut
392 667 435 733 sd
456 665 641 732 commercia
661 666 829 753 pertinent,
846 668 956 733 autad
979 668 1050 734 belli
1067 669 1235 735 communi·

127 775 238 844 tatem,
257 774 314 832 aut
338 766 381 832 sd
408 788 461 833 res
485 765 572 832 alias.
619 766 772 852 AEqusles
796 766 837 832 de
861 767 1050 832 commerciis
1076 769 1234 855 pactiones

126 866 226 934 variae
240 886 310 932 esse
331 874 471 953 possum,
491 873 568 954 puta
589 864 734 952 utrinque
752 888 792 930 ne
816 865 949 954 vectigal
973 867 1069 931 ullum
1086 866 1233 945 solvatur,

126 965 212 1053 quod
233 964 269 1031 in
291 975 400 1032 vetere
416 974 486 1032 erat
502 966 610 1031 federe
633 967 845 1030 Romanorum
866 973 898 1031 et
920 964 1232 1055 Carthaginiensium,

127 1073 261 1154 excepto
288 1064 433 1152 eoquod
461 1064 572 1130 scribto
597 1072 630 1131 ot
654 1064 789 1151 praeconi
817 1064 963 1142 dabatur,
990 1073 1045 1131 aut
1068 1088 1108 1130 ne
1133 1066 1233 1153 majus

126 1164 270 1233 solvatur
285 1185 381 1251 quam
398 1165 431 1230 in
447 1185 594 1252 praesens,
611 1164 725 1231 autad
742 1173 859 1230 certam
877 1164 1091 1250 quantitatem.

199 1267 221 1330 3
257 1263 310 1331 sic
335 1271 369 1330 et
389 1264 422 1330 in
447 1263 556 1330 bellica
577 1263 726 1330 societate
747 1272 784 1329 nt
806 1264 923 1330 auxilia
939 1273 1128 1352 praestentur
1143 1266 1233 1354 paris

127 1362 278 1449 equitum,
295 1363 445 1450 pediturn,
465 1363 600 1441 navium,
618 1362 683 1429 sive
708 1364 749 1428 ad
771 1386 862 1429 omne
884 1365 1008 1442 bellum,
1026 1366 1110 1452 quod
1127 1366 1232 1434 (iraeei

127 1453 329 1557 ἰξυμμαχίαν
352 1470 475 1539 vocant,
500 1472 533 1529 et
553 1461 691 1548 explieat
716 1463 916 1551 Thucydides
933 1461 1009 1538 τούς
1031 1464 1148 1540 αὐτοὺς
1174 1463 1230 1562 ἑχ-
1244 1495 1369 1543 mamre.

126 1559 223 1655 Opodc
242 1562 297 1632 sai
318 1567 436 1657 φίλους
462 1557 611 1656 νομίζειν,
629 1564 750 1628 eosdem
771 1566 873 1630 hostes
895 1579 925 1631 et
947 1569 1070 1632 amicos
1091 1569 1230 1634 habero:

126 1662 212 1748 quod
233 1670 268 1729 et
291 1660 376 1749 apud
400 1661 524 1728 Livium
552 1682 636 1749 saepe
661 1661 809 1746 reperias,
840 1665 904 1729 sive
930 1664 972 1730 ad
999 1665 1130 1730 tuendos
1154 1666 1231 1732 fines

127 1761 292 1840 duntaxat,
318 1761 403 1847 quod
429 1757 618 1854 ἐπιμαχίαν,
648 1760 714 1826 sive
741 1762 782 1827 ad
813 1771 932 1828 certum
960 1762 1084 1839 bellum,
1114 1772 1170 1829 aut
1198 1765 1232 1831 in

126 1869 230 1928 certos
244 1862 358 1943 hostes,
375 1868 432 1927 aut
453 1860 487 1925 in
512 1883 618 1926 omnes
642 1860 776 1946 quidem,
799 1862 854 1926 sed
878 1861 1014 1949 exceptis
1031 1862 1128 1938 sociis,
1146 1870 1182 1929 ut
1198 1863 1231 1930 in

127 1958 236 2026 federe
260 1960 343 2028 inter
359 1962 472 2026 Poenos
497 1970 530 2026 ct
554 1960 752 2036 Maccdonas,
769 1960 851 2046 quod
877 1961 961 2046 apud
978 1961 1144 2048 Polybium
1162 1969 1360 2041 est3s1svna

127 2058 280 2145 quomodo
306 2067 340 2126 et
362 2060 478 2126 Rhodii
503 2059 660 2148 Antigono
685 2065 717 2123 et
738 2058 899 2124 Demetrio
921 2079 979 2144 per
1003 2059 1093 2125 sedus
1114 2061 1230 2129 auxilia
1242 2085 1333 2173 3123·

125 2158 337 2245 promiserunt
352 2158 385 2224 in
401 2160 506 2225 hostes
528 2157 662 2245 quosvis,
681 2165 810 2243 excepto
832 2158 1011 2224 Ptolemaeo.
1058 2160 1307 2238 Persecutores
1328 2145 1349 2184 μ

125 2256 268 2337 diximus,
293 2257 414 2345 sequals
440 2258 529 2324 sedus
555 2266 588 2325 et
611 2258 653 2322 ad
675 2278 726 2321 res
752 2256 829 2321 alias
854 2257 1020 2343 pertinere,
1046 2251 1105 2326 ¹‘ut
1130 2281 1170 2326 ne
1196 2261 1229 2326 in

123 2429 344 2490 qnodhnetendit,
360 2446 504 2492 quamquam
516 2431 655 2490 ullomodo,
703 2430 797 2476 Auctor
807 2433 889 2476 noster
899 2430 1006 2490 exponit,
1015 2431 1081 2490 apud
1091 2432 1199 2493 Thucyd.
1211 2446 1230 2480 r.

123 2518 182 2566 peg-
197 2507 227 2556 79
248 2519 272 2553 e.
311 2507 544 2555 sd.Bart1.1tts.
581 2508 656 2552 Error
703 2507 741 2550 44.
761 2505 832 2550 Adde
841 2505 871 2551 de
879 2505 915 2551 his
925 2506 1035 2551 omnibus
1043 2506 1120 2554 Andr.
1128 2506 1232 2554 Dounaei

123 2585 205 2626 antem
227 2582 276 2627 huo
291 2582 423 2628 translatus
443 2581 545 2628 eMuri
559 2581 654 2637 hibero,
706 2577 858 2624 Prtelection.
875 2579 900 2624 iu
913 2578 1071 2628 Demosthen.
1089 2581 1158 2630 Oret.
1172 2582 1231 2629 Phi-

123 2666 178 2714 eap.
196 2656 233 2702 13.
248 2656 302 2700 init.
319 2656 360 2702 ubi
377 2655 467 2701 dudum
487 2655 556 2700 locus
573 2655 608 2701 ita
623 2655 654 2700 ab
703 2655 762 2714 lipp.
773 2655 813 2700 De
823 2655 896 2712 Pace,
907 2670 963 2716 pag.
971 2659 1024 2712 135,
1034 2663 1056 2703 et
1065 2673 1129 2719 seqq.
1150 2660 1230 2719 J.B.]

124 2730 233 2776 Auctore
242 2729 356 2775 laudatus
364 2729 452 2775 fuerat.
482 2728 509 2774 J.
519 2728 550 2775 B.
749 2729 761 2762 ἱ
781 2731 813 2776 Ut
822 2745 850 2775 nc
860 2733 885 2776 irs
896 2734 998 2791 confinio
1009 2734 1108 2781 alterius
1119 2736 1180 2782 alter
1190 2751 1231 2783 ar·

167 2802 175 2837 ¹
189 2801 445 2863 Ξνμμαχὶανοοοανιν]
455 2803 554 2848 Veteres
562 2802 654 2865 ὁμαιχ-
703 2818 740 2850 ces
756 2804 853 2864 babeat]
870 2807 1015 2866 Exemplum
1026 2809 1079 2856 vids
1096 2811 1160 2869 apud
1170 2811 1231 2857 Pro·

123 2877 192 2935 μίαν.
228 2877 346 2934 Zosimus,
364 2877 418 2923 Lib.
433 2891 457 2922 ι.
473 2891 495 2923 ο.
510 2879 549 2922 42.
588 2877 655 2938 [Vox
703 2879 798 2939 copium
811 2879 990 2930 Persicorum.
1019 2883 1141 2945 (Capit.)

123 2956 205 2999 entem
215 2951 342 3012 ὶννιμαχία
352 2951 508 3012 reperiturso
519 2965 655 3012 senemque

122 3194 215 3252 which
224 3213 281 3252 was
292 3195 342 3253 the
354 3204 518 3268 agreement
531 3199 561 3252 in
573 3199 622 3256 the
635 3201 683 3256 old
699 3208 791 3274 tresty
803 3204 836 3258 of
848 3204 897 3260 the
908 3207 1033 3261 Romans
1045 3208 1101 3262 and
1113 3209 1230 3265 (tartha-

123 3282 242 3355 mutans,
261 3289 363 3354 except
384 3283 458 3338 what
474 3301 530 3339 was
545 3286 611 3357 paid
626 3293 656 3341 to
676 3286 726 3340 the
741 3286 983 3344 harbour-mastcr
996 3292 1053 3345 and
1068 3292 1117 3347 the
1134 3295 1230 3363 public

122 3369 211 3434 erier3
232 3385 266 3424 οι·
283 3367 347 3422 that
361 3383 399 3422 no
413 3368 506 3425 dutics
524 3369 561 3425 be
579 3371 646 3442 paid
659 3378 773 3442 greater
792 3373 861 3427 than
876 3380 906 3428 at
925 3382 1048 3446 present,
1068 3392 1101 3432 or
1118 3384 1231 3448 greater

122 3453 193 3510 than
204 3471 223 3508 a
234 3454 343 3509 certain
357 3459 428 3509 rate.

178 3544 195 3596 3
216 3539 252 3594 In
272 3539 406 3594 alliances
420 3538 465 3594 for
476 3558 541 3605 ινον,
562 3540 611 3596 tho
631 3548 719 3598 terme
736 3561 801 3616 may
813 3545 860 3610 he,
880 3544 943 3602 that
964 3547 1033 3604 each
1051 3549 1112 3606 side
1129 3552 1231 3625 supply

123 3624 205 3696 equal
217 3624 311 3680 forces
323 3624 358 3679 of
371 3624 504 3698 infantry,
520 3629 641 3701 cavalry,
657 3630 715 3685 and
729 3631 822 3703 ships:
842 3633 934 3689 either
945 3634 991 3690 for
1002 3636 1051 3693 the
1063 3638 1153 3694 whole
1166 3656 1230 3705 war,

123 3709 215 3764 which
234 3710 285 3765 the
306 3710 415 3764 Greeks
432 3711 522 3766 called
538 3713 720 3784 Symmactio,
740 3719 796 3773 and
810 3718 901 3775 which
914 3722 1092 3796 Thucydides
1105 3726 1230 3798 explains

121 3803 149 3850 to
168 3797 233 3852 have
251 3796 292 3851 the
305 3812 379 3850 some
382 3797 495 3865 friends
512 3802 570 3854 ace
583 3802 624 3855 tte
636 3820 709 3857 same
720 3806 845 3860 ονιονηίινι
867 3824 898 3862 as
910 3809 970 3865 also
983 3811 1012 3864 in
1024 3813 1115 3883 Liey3
1137 3813 1230 3868 orior

122 3880 267 3938 defensive
280 3897 416 3952 purposes
437 3883 512 3955 only,
525 3885 617 3940 which
628 3904 683 3942 was
697 3891 882 3961 Epimoctio,·
906 3910 939 3948 or
953 3895 998 3948 for
1012 3913 1030 3951 a
1044 3898 1152 3951 certain
1163 3914 1229 3963 war,

122 3982 156 4022 or
175 3968 287 4039 against
309 3968 416 4021 certain
428 3971 559 4034 enemics,
572 3987 605 4025 cr
618 3974 728 4043 against
741 3976 788 4038 all,
808 3979 956 4048 excepting
975 3980 1063 4044 allice,
1080 3997 1112 4032 us
1131 3982 1161 4032 in
1180 3980 1230 4035 tho

121 4051 223 4124 league
237 4051 367 4107 between
381 4052 431 4108 tho
448 4054 662 4127 carthaginians
678 4058 735 4110 and
752 4059 961 4125 Macedoniam,
981 4064 1011 4115 in
1029 4063 1180 4133 Polybius3
1198 4080 1229 4120 so

121 4137 181 4193 also
192 4138 243 4193 the
255 4137 401 4193 Rhodicns
415 4139 454 4210 by
465 4145 558 4212 tresty
568 4141 709 4212 promised
723 4143 770 4195 aid
783 4149 813 4196 to
825 4142 983 4215 Antigonus
997 4146 1054 4200 and
1067 4147 1230 4204 Demetrius

120 4223 233 4294 against
246 4223 295 4286 all,
309 4229 409 4295 except
420 4224 559 4296 Ptolemy.

175 4309 221 4363 An
233 4307 316 4380 equnl
329 4313 422 4380 treaty
432 4326 498 4382 may
509 4311 576 4374 also,
587 4326 618 4364 as
627 4326 670 4365 we
680 4309 752 4365 hare
764 4311 833 4376 said,
840 4314 951 4384 pertain
962 4319 993 4369 to
1004 4314 1087 4371 other
1098 4322 1227 4388 matters3

121 4409 153 4449 as
161 4393 226 4450 that
236 4391 349 4449 neither
360 4391 431 4450 shall
441 4393 514 4451 have
524 4395 671 4453 fortresses
682 4393 780 4451 within
787 4397 838 4452 thc
848 4397 1017 4457 boundaries
1029 4402 1063 4458 of
1071 4401 1120 4459 the
1132 4403 1214 4463 other
1220 4428 1230 4476 ς
