3000 5062
283 306 346 368 242
728 311 780 365 DE
802 311 940 365 POENIS.
1260 305 1336 376 [Lis.
1349 309 1390 364 11.

283 477 384 545 initur
410 474 581 564 aequalitas,
609 496 719 541 rerum
743 495 806 539 non
832 495 899 540 esse
925 469 959 537 in
983 467 1134 559 principio
1163 469 1267 559 operis
1294 471 1394 560 hujus

284 576 493 644 ostendimus:
519 575 631 642 deinde
653 575 737 662 quod
760 573 859 662 magis
881 580 1027 639 nocentes
1047 570 1184 659 gravius,
1210 571 1312 638 minus
1336 595 1394 638 no·

285 688 390 744 sentes
405 677 504 742 levius
517 675 697 762 puniuntur,
715 674 748 741 id
764 695 822 760 per
839 670 1089 759 consequentiam
1102 671 1258 737 duntaxat
1274 671 1393 750 evenit,

285 800 348 843 non
376 776 460 863 quod
485 777 544 842 hoc
569 774 670 862 primo
697 796 734 839 ac
759 795 817 861 per
843 794 877 839 se
904 780 1070 859 spectetur.
1117 771 1199 836 Nam
1225 770 1328 857 primo
1355 793 1396 837 so

286 898 343 963 per
365 898 399 942 se
420 885 578 963 spectatur
603 873 779 962 caequalitas
798 871 881 939 inter
903 871 1024 958 cuipam
1047 877 1080 936 et
1099 890 1240 957 poenam:
1267 872 1308 937 de
1330 892 1397 958 qua

120 1000 262 1047 renium
288 975 460 1042 Horatius:

121 1050 151 1092 ῃ
938 1073 996 1129 Gur
1009 1089 1068 1130 non

462 1164 639 1220 Ponderibus
653 1162 831 1234 modulisque
844 1161 901 1216 suis
915 1160 988 1215 ratio
1003 1161 1102 1224 utitur,
1113 1175 1146 1213 ao
1159 1175 1205 1216 res

460 1251 503 1306 Ut
516 1267 634 1323 qumque
649 1256 692 1305 est
706 1250 748 1304 ita
761 1247 904 1320 suppliciis
919 1246 1023 1302 delicta
1033 1245 1163 1301 cotrceti

289 1343 843 1431 mmmmmm

981 1445 1063 1503 Adsit

462 1536 573 1607 Regula
586 1536 709 1607 peccatis
724 1552 786 1607 quse
800 1550 897 1606 pesnas
911 1533 1017 1605 irroget
1031 1550 1134 1606 aquas,

461 1620 523 1676 Neo
537 1622 643 1677 sandes
657 1621 773 1692 dignum
785 1620 914 1676 horribili
927 1626 1035 1674 sectere
1050 1618 1172 1692 flagello.

125 1756 159 1784 v..
171 1746 217 1792 aa
289 1719 409 1784 Eodem
426 1728 546 1805 spectat
562 1719 613 1784 lex
630 1719 736 1785 divina
754 1718 925 1785 Deuteron.
944 1740 1017 1782 xxv.
1034 1726 1067 1783 et
1083 1715 1224 1783 Novella
1241 1712 1367 1781 Leonis.

125 1791 170 1832 ον’
362 1822 383 1883 2
419 1819 482 1884 Sed
499 1841 556 1884 nec
572 1818 704 1885 aiterum
720 1818 804 1904 quod
821 1816 865 1882 illi
879 1825 999 1904 ponunt
1016 1815 1116 1904 magis
1131 1836 1240 1881 verum
1257 1823 1315 1893 est,
1329 1835 1399 1901 poe·

290 1940 348 1983 nas
364 1939 470 1983 omnes
486 1919 593 1984 renim
610 1940 649 1982 ex
665 1927 731 1983 toto
748 1917 790 1982 ad
807 1924 938 2004 partem,
955 1916 1039 2002 quod
1054 1937 1094 1979 ex
1109 1914 1159 1980 his
1176 1936 1246 2001 quae
1263 1912 1399 1980 dicenda

291 2026 365 2083 sunt
380 2018 553 2105 apparebit.
591 2018 674 2083 Tum
691 2039 766 2083 vero
783 2024 938 2081 ostensum
955 2013 1080 2080 anobis
1097 2035 1192 2101 supra
1210 2020 1267 2090 est,
1285 2035 1398 2079 reram

287 2115 417 2204 justitia
439 2116 652 2205 assignatriois
673 2115 826 2182 rationem
847 2111 960 2179 necin
985 2112 1041 2179 tali
1066 2111 1255 2199 aequalitate,
1279 2133 1337 2177 nec
1363 2111 1399 2177 in

335 2289 498 2350 0AEquaiitas
508 2290 569 2336 inter
578 2290 672 2350 suipram
683 2293 705 2336 et
711 2287 817 2350 poenam]
872 2287 973 2335 Oratari
981 2302 1010 2335 ne
1023 2287 1115 2335 delictis
1123 2286 1243 2347 supplicia
1258 2286 1307 2332 sint
1320 2299 1398 2347 grana

291 2366 383 2413 Seneca
402 2364 495 2411 deira
514 2378 545 2412 ιι.
563 2365 587 2412 6.
617 2365 718 2426 Iniquus
736 2366 782 2412 erit
796 2365 819 2411 si
870 2364 949 2411 diora.
981 2364 1124 2410 scholiastes
1138 2363 1168 2408 ad
1184 2360 1397 2421 Horatium,(init.

291 2442 414 2502 equaliter
428 2441 546 2487 irascetur
566 2440 731 2500 inaequalitas.
747 2440 818 2487 Tect-
871 2440 923 2487 Sat.
936 2453 976 2486 ιιι.
986 2440 1040 2487 Lib.
1051 2440 1083 2500 1.)
1109 2439 1138 2487 Si
1146 2440 1173 2486 in
1182 2439 1284 2486 mimmis
1289 2439 1399 2499 peccatis

291 2520 332 2562 tus
342 2515 470 2561 Annalium
481 2527 520 2560 ιιι.
529 2514 655 2575 (σιμοῦ.)
670 2515 820 2576 Sinstaqitia
869 2516 940 2561 οιιαιιι
949 2517 1059 2562 ηιατίιιιω
1064 2531 1137 2576 poerse
1145 2521 1316 2571 amisumsntar,
1323 2518 1400 2561 restat

293 2595 315 2635 et
325 2590 445 2650 facinora
463 2589 514 2635 sine
532 2589 600 2635 modo
616 2594 676 2645 sant,
695 2591 820 2650 suppliciis
870 2589 1011 2635 sstmarima
1019 2595 1121 2648 peecata
1133 2595 1176 2634 aut
1191 2593 1301 2635 maneartt
1316 2589 1396 2647 impss-

292 2666 314 2709 et
330 2662 438 2709 remediis
449 2662 572 2722 principis
587 2663 725 2719 moderatio,
743 2663 818 2722 majo·
870 2664 929 2722 nita,
939 2669 981 2710 aut
995 2679 1057 2711 noea
1072 2663 1192 2724 supplicia
1204 2663 1398 2710 adinveniuntur.

293 2752 390 2798 rumque
403 2743 424 2783 et
440 2743 519 2783 satra
530 2738 636 2797 eeempia
647 2742 781 2799 temperant,
797 2742 820 2786 et
870 2737 922 2785 Lex
943 2739 1132 2800 Wisigotharum
1149 2739 1211 2785 libro
1232 2752 1280 2785 xrs.
1301 2737 1341 2784 tit.
1361 2737 1398 2785 iii.

293 2828 358 2860 vana
369 2826 387 2858 a
399 2813 507 2868 sociatis,
517 2812 584 2858 dicta
593 2826 610 2858 a
619 2813 742 2873 malgiciis
752 2814 819 2875 diffs-
871 2826 923 2873 esp.
940 2815 964 2860 1.
993 2813 1059 2859 Nam
1075 2814 1184 2874 quaedem
1198 2813 1260 2875 iopes
1271 2814 1333 2860 neas
1348 2812 1401 2860 ersl-

292 2892 365 2934 rant:
396 2892 430 2933 est
448 2887 515 2933 locas
535 2887 659 2943 sententie,
681 2902 727 2948 per
749 2902 820 2948 mam
868 2902 956 2948 panim
969 2888 1054 2934 babent
1068 2889 1224 2946 diversitates,
1237 2903 1284 2935 non
1297 2888 1334 2934 ita
1347 2888 1400 2934 tiis·

293 2972 366 3018 nepue
381 2957 437 3005 isaie
452 2957 561 3004 delictam
576 2958 669 3016 impune
684 2960 725 3016 sit,
741 2964 763 3005 et
778 2973 821 3005 nos
871 2968 949 3010 cretas
959 2964 984 3010 in
993 2978 1018 3010 se
1028 2965 1144 3011 continent
1154 2963 1277 3025 (retinent)
1289 2963 1401 3022 marm,

294 3032 499 3080 ciemmtioesimm
508 3033 680 3079 minnista
691 3048 738 3080 non
744 3035 821 3094 pani·
871 3039 915 3084 eed
935 3039 1057 3098 penninis
1082 3039 1173 3085 seelera
1197 3045 1401 3100 transgressorem

294 3112 352 3156 teat.
381 3109 525 3156 Ammianus
550 3108 612 3156 libro
635 3121 733 3158 nrm.
755 3123 777 3157 o.
798 3112 821 3159 1.
871 3112 984 3159 adaniae
989 3113 1156 3171 permittuntur
1166 3113 1225 3175 tegis
1228 3113 1402 3175 panaiejsdi-

293 3360 405 3416 obtains
426 3359 620 3416 subsessorem
637 3362 802 3435 equalityis
821 3363 990 3420 introduced
1006 3364 1133 3421 between
1152 3380 1232 3420 more
1249 3363 1320 3418 than
1341 3369 1403 3420 two

294 3452 391 3510 terme,
402 3463 443 3501 me
455 3445 526 3500 base
538 3447 652 3517 proved,
672 3449 703 3502 in
716 3448 765 3503 the
778 3448 930 3520 beginning
944 3450 979 3504 of
995 3450 1051 3505 this
1066 3451 1151 3515 worir,
1166 3456 1217 3505 not
1233 3455 1264 3505 ιο
1278 3449 1315 3503 be
1333 3455 1404 3506 true

298 3527 334 3599 [i.
347 3532 364 3583 i.
374 3525 414 3598 8].
460 3529 524 3584 ilnd
536 3531 566 3583 in
580 3529 630 3584 the
648 3540 717 3586 next
730 3532 820 3603 piace,
840 3533 903 3587 that
916 3541 1029 3604 greater
1040 3535 1179 3596 offenders
1192 3552 1241 3590 sre
1258 3535 1404 3608 punished

297 3630 376 3668 moro
396 3615 530 3685 severely,
549 3614 662 3668 smelier
680 3631 749 3670 ones
763 3631 842 3670 more
857 3616 965 3689 lightiy,
984 3617 1047 3673 that
1059 3620 1126 3690 only
1138 3620 1264 3691 happens
1277 3620 1315 3692 by
1333 3636 1404 3675 oon-

296 3712 444 3767 sequence,
455 3698 512 3751 snd
538 3698 562 3751 is
584 3705 636 3752 not
653 3698 727 3753 ubst
749 3701 773 3753 is
799 3699 902 3755 looked
916 3707 947 3755 to
960 3702 992 3755 in
1014 3702 1063 3757 the
1083 3704 1145 3757 first
1163 3705 1244 3774 place
1269 3706 1325 3760 eud
1348 3724 1406 3777 pes·

297 3799 330 3836 se.
376 3782 435 3834 For
446 3781 496 3836 tho
509 3782 591 3852 thing
605 3782 667 3837 first
680 3784 782 3839 iookod
797 3790 828 3839 at
842 3784 866 3839 is
881 3785 930 3841 the
941 3786 1066 3859 equality
1079 3787 1207 3843 between
1224 3788 1274 3844 the
1293 3792 1406 3848 offense

297 3865 354 3920 end
373 3864 422 3920 the
442 3867 632 3937 punishment,
655 3885 686 3923 as
703 3870 815 3925 Horace
832 3887 903 3942 says.
944 3868 1034 3943 [Sea]
1065 3873 1130 3927 And
1151 3875 1181 3927 in
1203 3875 1261 3931 liic
1282 3893 1406 3933 manner

297 3952 384 4008 Dent.
398 3968 460 4007 xxr.
481 3959 507 4018 2,
522 3958 556 4019 ὃς
577 3953 634 4008 and
646 3955 695 4010 the
706 3957 819 4012 Nooeiia
831 3957 864 4012 of
872 3958 938 4013 Leo.

351 4045 368 4093 2
390 4038 453 4093 Nor
469 4039 493 4093 is
515 4038 590 4093 their
610 4041 694 4096 other
714 4041 852 4115 principle
869 4060 948 4100 more
965 4052 1038 4111 true,
1059 4045 1123 4101 that
1145 4046 1184 4100 aii
1201 4046 1403 4118 punishments

298 4141 378 4180 come
389 4122 463 4178 from
475 4123 523 4181 the
538 4125 628 4181 whole
646 4134 676 4182 to
690 4135 791 4201 spart,
808 4146 839 4184 as
850 4131 907 4184 mill
924 4148 1030 4204 appear
1041 4132 1079 4204 by
1090 4131 1165 4187 what
1178 4149 1219 4187 we
1233 4132 1304 4187 haro
1316 4131 1402 4190 horc-

297 4211 372 4265 efter
386 4216 416 4264 ιο
428 4227 486 4282 say.
524 4212 582 4265 But
602 4212 726 4269 further:
746 4215 769 4269 it
787 4216 810 4269 is
827 4215 922 4271 shown
937 4218 1026 4272 above
1039 4217 1103 4272 that
1118 4219 1167 4273 the
1181 4224 1246 4272 true
1257 4219 1357 4272 notion
1371 4221 1408 4274 of

297 4297 460 4350 attributive
471 4298 574 4366 justice
585 4297 652 4352 docs
663 4306 714 4353 not
725 4301 859 4373 properly
870 4304 982 4367 consist,
994 4303 1085 4358 either
1098 4304 1127 4357 in
1139 4304 1208 4359 such
1219 4304 1351 4375 equality,
1368 4322 1404 4360 or

296 4381 327 4434 in
341 4380 390 4436 the
409 4398 520 4452 process
538 4383 612 4438 from
627 4384 677 4440 the
694 4385 784 4441 whole
803 4395 833 4442 to
850 4405 869 4442 a
886 4395 967 4459 part;
996 4388 1048 4444 but
1064 4390 1094 4443 in
1115 4390 1214 4461 taking
1231 4396 1352 4444 account
1371 4388 1407 4447 oi

295 4464 359 4520 thet
370 4465 454 4520 claim
465 4468 556 4525 which
574 4469 642 4525 does
658 4476 709 4527 not
720 4471 833 4529 include
843 4474 920 4545 right
934 4475 1044 4547 strictly
1056 4475 1150 4542 takem
1164 4474 1217 4530 but
1230 4476 1306 4547 giras
1319 4490 1403 4532 occs-
