3000 5062
298 292 362 355 398
668 301 720 355 DE
744 299 879 355 crusis
901 297 1036 353 DUBIIS
1289 291 1370 363 [Lus.
1385 294 1426 351 11.

371 466 392 529 2
427 464 520 551 Sapo
544 472 649 529 autem
666 461 788 540 accidit,
814 468 850 527 ut
870 459 1022 547 judicium
1046 456 1125 523 nihil
1141 456 1224 524 certi
1251 464 1423 535 monstret,

299 563 355 629 sed
376 563 519 629 haesitet:
548 585 619 649 quar
641 560 797 627 haesitatio
812 560 840 625 si
858 568 982 625 attenta
997 555 1253 625 consideratione
1274 556 1424 644 expediri

137 682 281 734 ame-ta
300 670 445 748 nequeat,
479 662 671 748 sequendum
704 659 767 726 erit
792 659 870 725 illud
897 656 1075 724 Ciceronis:
1112 659 1188 725 bene
1207 659 1423 744 precipiam

300 754 375 849 dqui
391 774 501 827 vetant
524 764 700 848 quicquam
716 782 812 845 affere
828 760 915 845 quod
930 760 1059 823 dubites
1074 779 1203 843 oequem
1224 758 1272 823 sit
1289 779 1341 822 au
1357 758 1422 822 irri-

300 884 416 949 quam.
463 860 592 927 Hebraei
617 858 758 949 magistri
781 858 926 924 ²dieunt:
960 869 1055 945 photi
1075 868 1112 941 it)
1131 842 1257 943 pium
1288 858 1422 923 abatiae

134 976 287 1075 goffia&
302 974 331 1027 te
346 984 370 1025 a
391 984 428 1027 ro
444 962 556 1025 (tobia.
603 959 666 1024 Sed
689 959 749 1024 hoe
764 957 866 1023 locum
890 956 1008 1022 habore
1028 977 1092 1021 non
1108 962 1224 1042 potest,
1251 955 1310 1021 ubi
1326 955 1421 1023 alicui

135 1070 257 1155 ξομε
301 1059 423 1125 omnino
446 1060 633 1125 alterutrum
654 1064 703 1123 ost
725 1056 910 1133 iaciendum,
936 1064 970 1121 et
992 1054 1032 1121 de
1054 1062 1200 1140 utroque,
1223 1075 1268 1121 an
1292 1076 1420 1142 mquam

300 1158 350 1235 sit,
377 1158 557 1224 dubitatur:
583 1166 657 1223 tune
679 1156 761 1222 euim
779 1154 902 1221 ’hecbrt
922 1176 952 1220 er
973 1153 1101 1243 abgaro,
1124 1153 1211 1240 quod
1232 1153 1342 1221 minus
1359 1154 1421 1221 ini-

300 1278 395 1342 quum
412 1256 441 1321 ei
459 1256 593 1322 uidetur.
642 1256 774 1342 Semper
790 1253 882 1331 enim,
901 1253 955 1320 uhi
977 1253 1087 1320 electio
1105 1252 1199 1319 eradi
1215 1274 1283 1319 non
1299 1262 1419 1341 potest,

299 1353 401 1419 minus
419 1354 536 1419 malum
555 1353 708 1420 rationem
727 1352 830 1419 induit
851 1352 933 1419 honi.
981 1349 1035 1421 Tei
1061 1347 1237 1445 ἐλάχιστα
1258 1349 1420 1436 ληπτέον

136 1473 204 1513 rore
218 1474 266 1514 ua,
300 1453 370 1520 τῶν
387 1455 500 1532 κακῶν,
517 1452 563 1518 ait
579 1451 782 1518 Aristoteles:
807 1451 928 1528 Cicero,
947 1455 987 1518 de
1003 1453 1101 1518 molis
1117 1454 1269 1519 minimo.
1316 1453 1419 1532 Quin·

135 1520 226 1651 ffi‘iffi
233 1565 286 1651 *4¹¹³-
301 1552 424 1619 tiliauus
435 1576 444 1617 z
461 1555 498 1617 in
510 1554 752 1637 comparatione
763 1553 927 1616 maloram
943 1554 1018 1617 boni
1031 1553 1136 1617 loom
1147 1553 1269 1619 obtinet
1280 1552 1401 1617 huius.

369 1651 431 1720 111.
471 1650 659 1737 Plerumque
676 1672 750 1716 uero
767 1649 799 1715 in
816 1650 910 1715 rebus
927 1650 1029 1715 dubiis
1045 1658 1118 1737 post
1134 1672 1268 1716 examen
1283 1650 1420 1738 aliquod

299 1749 421 1817 animus
446 1772 509 1816 non
525 1749 558 1815 in
574 1749 676 1815 medio
693 1750 803 1824 haeret,
829 1749 885 1815 sed
904 1750 965 1814 huc
988 1759 1044 1815 aut
1060 1749 1133 1815 illue
1157 1748 1285 1817 ducitur
1300 1754 1420 1839 ‘argu-

299 1849 410 1915 mentis
436 1872 477 1915 sx
503 1871 539 1915 re
565 1848 682 1935 petitis,
706 1857 762 1914 aut
786 1871 825 1913 ex
848 1848 1002 1934 opinione,
1028 1870 1123 1935 quam
1146 1848 1246 1916 habet
1277 1850 1321 1917 de
1345 1850 1419 1916 aliis

134 1864 155 1904 V
192 1866 250 1907 ,1.9.

133 1876 229 1958 ⁶7¹⁰*
299 1948 482 2027 hominibus,
507 1947 692 2015 sententiam
715 1970 809 2035 super
824 1968 863 2014 ea
879 1968 915 2012 re
939 1946 1228 2035 pronunciantibus.
1278 1950 1366 2017 Nam
1383 1958 1418 2017 et

151 1912 170 1947 it
178 1924 189 1950 r.
239 1924 256 1951 e.
267 1916 283 1952 Ι,

133 1966 191 1994 nass.
200 1959 216 1995 l.
225 1960 276 1997 net.

136 2001 286 2051 laqueum

298 2134 403 2168 aarum·
417 2123 549 2183 requiritur
564 2136 611 2167 non
624 2120 700 2177 ruodo,
715 2125 748 2178 ut,
762 2121 829 2180 quod
874 2124 1087 2168 etnotasnostras
1099 2122 1181 2169 uidere
1191 2123 1298 2183 poteris.
1328 2123 1403 2172 Mt.

297 2196 387 2254 coitur,
406 2197 439 2242 rit
455 2197 571 2243 tenestem
585 2196 728 2256 justumque,
744 2196 787 2241 sed
801 2199 827 2241 ut
918 2196 1090 2256 eArororseutis
1097 2210 1127 2242 ιι
1136 2198 1258 2257 repetitis
1267 2204 1313 2245 aut
1322 2212 1354 2245 ιτ
1364 2200 1419 2260 opi·

290 2270 368 2327 fimo
380 2283 410 2315 oc
423 2276 533 2317 cenetam
545 2270 827 2330 adsistereassidere&
873 2270 949 2327 trione,
966 2284 1039 2331 qum
1056 2270 1126 2317 tutet
1143 2271 1174 2317 de
1189 2272 1252 2319 eliis
1265 2272 1416 2335 dominibus]

289 2344 341 2401 first
356 2345 427 2403 ertio,
444 2350 479 2397 ut,
496 2345 560 2405 quod
574 2345 614 2402 sit,
624 2346 677 2403 flat
693 2345 747 2391 ideo
763 2345 828 2405 quod
874 2345 1028 2403 Augustinus
1037 2345 1091 2391 Lib.
1103 2358 1133 2393 rr.
1148 2346 1178 2392 de
1196 2346 1309 2394 Ordine:
1326 2348 1419 2409 duplet

297 2418 389 2463 unimus
398 2419 736 2479 itasueieudumjudieaoerit.
751 2416 826 2480 (rag.
873 2422 907 2464 est
922 2419 970 2475 ria,
980 2434 1052 2479 quum
1066 2421 1195 2480 sequimur,
1205 2434 1261 2467 eun
1276 2436 1361 2469 mus
1373 2437 1417 2471 noe

297 2492 341 2538 238
352 2492 389 2551 e.)
873 2494 1006 2543 obscuritas
1015 2497 1288 2553 stomachationem,
1299 2504 1417 2547 mm

340 2564 352 2596 i
371 2566 419 2623 Qui
435 2571 513 2612 odeat
532 2568 658 2625 quiequam
675 2582 747 2626 uqere
762 2568 828 2626 quod
873 2572 1046 2618 oractoritutm.
1071 2572 1148 2631 (esp.
1165 2572 1206 2631 b.)
1232 2574 1355 2634 Explicet
1370 2576 1416 2621 hoe

296 2637 398 2697 cialiter]
419 2640 511 2685 Plinius
525 2640 578 2685 Lib.
591 2641 738 2699 r.opist.18.
756 2643 827 2701 Quod
875 2646 974 2693 Gabriel
989 2647 1100 2707 unque:
1119 2647 1212 2707 disput.
1229 2661 1303 2699 uu.
1319 2664 1376 2711 cap.
1391 2654 1415 2701 3.

297 2711 399 2767 debitus,
409 2714 539 2771 uej'eeeris.
874 2734 940 2767 unm.
951 2724 988 2768 10.

336 2783 432 2829 ¹itabhi
442 2786 712 2843 Gauraina,in1’runu
720 2789 825 2849 ⁴deoru,
919 2792 1009 2842 ‘Illud
1022 2794 1136 2856 Hesiodi]
1153 2797 1217 2844 Um
1230 2802 1273 2847 est
1291 2800 1415 2849 libutius

298 2872 354 2919 pag.
366 2860 402 2903 14.
413 2859 459 2907 Ed.
470 2860 587 2921 P.1·'agii.
617 2861 646 2909 J.
655 2863 688 2909 B.
872 2873 930 2928 post
943 2872 1031 2917 malam
1042 2885 1149 2931 pagum
1158 2874 1226 2933 apud
1240 2874 1342 2923 Lirim
1352 2877 1415 2923 hbeo

340 2932 352 2961 ⁸
367 2932 420 2981 iloe
436 2950 484 2982 non
501 2937 559 2983 satis
570 2942 636 2983 recte
649 2938 704 2995 diei,
719 2941 826 2987 ostendit
873 2955 945 2992 xxu.
955 2946 1018 3005 (esp.
1032 2946 1081 3005 29.)
1109 2946 1175 2993 Eum
1185 2948 1296 3008 prim
1310 2966 1364 2999 esee
1377 2953 1415 2999 ei·

298 3008 511 3067 Prrnsnonrrus,
527 3011 580 3061 Lib.
591 3025 610 3058 ι.
625 3025 678 3073 cap.
688 3016 712 3060 3.
724 3013 739 3074 ἓ
750 3017 773 3063 8.
783 3016 826 3062 uhi
873 3030 935 3075 ran,
945 3020 988 3080 qai
997 3020 1184 3081 conumque
1197 3022 1225 3069 in
1238 3038 1290 3072 m
1306 3025 1362 3075 site
1376 3040 1415 3075 ee.

351 3260 369 3307 2
390 3256 419 3311 it
436 3258 515 3315 otton
532 3260 660 3333 happens
671 3262 734 3319 that
748 3264 798 3319 tho
808 3265 959 3337 judgment
974 3268 1042 3322 does
1056 3273 1108 3322 uot
1119 3284 1289 3340 pronounce
1311 3287 1332 3327 a
1351 3288 1415 3329 eer-

297 3340 356 3394 taiu
375 3342 508 3411 decision,
528 3347 581 3401 but
598 3348 747 3404 hesitates:
771 3351 828 3404 and
842 3352 868 3405 ii
879 3351 936 3407 this
953 3353 1106 3408 hesitation
1120 3362 1227 3408 cannot
1238 3354 1277 3411 be
1295 3356 1417 3415 cleared

297 3426 340 3477 oti
358 3426 395 3497 by
417 3446 454 3482 uu
477 3433 614 3488 attentius
633 3436 848 3501 eonsidcmtiou,
870 3438 992 3493 Cicero's
1014 3439 1077 3493 rulo
1098 3446 1175 3494 must
1196 3439 1234 3495 bo
1256 3440 1416 3509 followed3

296 3508 377 3563 those
392 3512 487 3569 adriae
508 3518 571 3571 well
593 3518 656 3572 uho
672 3521 762 3575 direct
780 3539 836 3592 you
851 3530 901 3578 not
919 3532 950 3579 to
967 3525 1005 3580 do
1026 3524 1164 3595 anythiug
1181 3525 1216 3579 of
1234 3526 1333 3583 which
1354 3547 1417 3601 you

296 3591 386 3646 doubt
405 3594 531 3652 whether
543 3602 565 3654 it
579 3603 602 3655 is
614 3603 674 3671 just
693 3621 727 3657 or
745 3608 857 3675 unjust:
876 3610 933 3663 and
954 3627 987 3665 so
1004 3610 1054 3665 tho
1067 3610 1190 3665 Hebron
1208 3620 1335 3669 masters
1352 3632 1417 3688 say,

295 3674 412 3727 Aurata
417 3680 500 3748 saum
515 3684 641 3753 dorebtful
652 3688 749 3757 thiros.
784 3690 843 3745 But
861 3692 917 3747 this
932 3695 1000 3751 does
1014 3702 1066 3751 not
1076 3695 1162 3767 apply
1176 3695 1207 3749 in
1219 3713 1301 3753 casse
1313 3700 1417 3759 where

295 3774 336 3811 ue
348 3758 505 3834 absolutely
520 3775 595 3821 must
607 3769 644 3822 do
656 3785 711 3824 oue
725 3772 759 3825 oi
770 3780 826 3828 tuo
840 3775 947 3848 things:
965 3782 994 3835 in
1006 3781 1069 3836 that
1081 3797 1145 3835 ease
1156 3798 1200 3836 ue
1210 3789 1290 3839 must
1302 3785 1416 3844 chooce

295 3840 345 3896 the
363 3852 427 3915 part
448 3846 511 3902 thot
525 3865 615 3906 seems
627 3853 699 3909 least
713 3858 817 3927 nujust.
855 3861 913 3915 For
927 3865 956 3918 in
972 3867 1010 3920 ull
1025 3883 1102 3921 enses
1114 3866 1144 3919 in
1158 3866 1253 3922 which
1267 3868 1322 3926 the
1333 3872 1416 3929 elec-

295 3927 356 3981 tion
379 3940 484 3988 cnuuet
507 3933 543 3988 be
565 3939 694 4003 avoided,
716 3942 766 3997 the
790 3945 844 4000 less
864 3950 962 4018 nujust
984 3968 1110 4006 assumes
1133 3951 1183 4006 the
1204 3952 1359 4013 character
1381 3959 1420 4015 oi

293 4014 379 4150 {ried
415 4017 477 4073 The
488 4018 559 4075 least
572 4022 606 4076 of
621 4025 689 4079 esils
701 4027 724 4082 is
737 4036 767 4082 te
782 4029 817 4086 he
830 4031 941 4089 chosen.
977 4038 1015 4091 So
1031 4036 1175 4102 mietio,
1187 4037 1299 4105 Cicero,
1315 4044 1416 4108 Quin-

311 4114 387 4154 trau.

347 4184 400 4238 111.
437 4188 495 4242 But
509 4189 538 4241 in
552 4199 627 4246 most
645 4212 730 4261 cases,
745 4201 776 4253 in
790 4200 910 4259 dubious
925 4212 1052 4271 matters,
1069 4206 1119 4263 the
1133 4208 1213 4263 udnd
1229 4210 1309 4267 aiter
1326 4231 1416 4274 some

293 4270 493 4337 examinatiou,
504 4274 572 4329 does
584 4286 634 4332 not
646 4286 753 4337 remaiu
766 4288 933 4354 uudeeided,
944 4291 997 4346 but
1009 4293 1031 4347 is
1040 4293 1135 4347 drawn
1143 4293 1201 4348 this
1213 4312 1275 4368 way
1287 4314 1324 4353 or
1335 4299 1416 4369 that,

293 4348 331 4420 hy
345 4365 508 4425 arguments
524 4359 638 4418 derived
658 4366 733 4423 from
753 4371 803 4426 the
816 4374 934 4444 subject,
957 4393 991 4431 or
1010 4377 1049 4449 by
1064 4377 1114 4433 tho
1131 4378 1249 4450 opinion
1263 4382 1360 4441 which
1387 4390 1414 4445 it

292 4430 343 4488 hos
358 4439 392 4492 of
403 4441 487 4497 other
501 4460 566 4499 men
578 4446 640 4502 who
653 4452 760 4509 deliret
783 4457 857 4513 their
873 4462 1040 4518 sentimenta
1058 4479 1096 4517 on
1115 4463 1165 4519 the
1178 4465 1300 4537 subject.
1347 4472 1414 4533 ror
