3000 5062
272 308 314 371 88
636 318 689 373 DE
711 316 1001 374 JUREJURANDO.
1247 312 1320 383 [Lis.
1334 314 1374 370 11.

107 491 235 533 'cmm-
270 504 343 547 men
369 491 402 548 et
428 476 622 570 'poenitentia
649 482 720 550 duci
750 482 872 559 dicitur,
908 481 1030 567 quoties
1063 479 1155 546 aliter
1183 478 1252 569 agit
1278 502 1374 566 quam

271 582 370 647 verba
389 604 500 648 sonare
521 582 717 660 videbantur,
740 582 885 647 nimirum
901 576 966 647 Ιί01)
990 579 1195 647 conditionem
1214 579 1308 646 tacito
1325 580 1374 645 in·

270 681 433 758 tellectum,
462 704 532 768 quse
561 690 667 747 cessat
719 684 787 747 Jer.
814 681 897 746 xviii.
926 682 957 749 8.
1010 680 1164 765 Exempla
1191 678 1297 745 videre
1323 688 1373 747 est

271 779 350 846 Gen.
368 803 420 847 xx.
438 786 479 858 33
499 783 598 847 Exod.
616 781 711 847 xxxii.
736 784 799 859 14;
819 784 838 845 1
857 782 937 869 lieg.
957 778 1020 844 xxi.
1039 782 1101 855 283
1121 780 1141 843 2
1160 778 1240 866 Reg.
1257 801 1309 847 xx.
1328 784 1371 857 l;

269 879 374 945 Esaiae
403 881 530 947 xxxviii.
560 885 600 958 1;
626 883 718 948 Jonae
739 880 782 945 iii.
813 881 918 960 5,11.
972 880 1043 956 Quo
1070 900 1162 944 sensu
1191 877 1285 943 etiarn
1313 901 1372 945 nos

270 978 379 1046 fallere
395 982 482 1047 Deus
506 981 677 1068 improprie
698 980 758 1045 dici
776 987 888 1066 potest
941 979 984 1045 Et
1001 978 1080 1043 solet
1097 1000 1160 1042 vox
1176 970 1370 1069 derideatur,

270 1101 340 1165 quae
356 1078 389 1145 in
406 1080 488 1146 dicto
505 1080 572 1145 loco
588 1080 630 1144 ad
651 1079 803 1179 llebraeos
820 1086 962 1165 apparet,
981 1076 1235 1166 significationem
1251 1078 1371 1144 habere

271 1187 402 1245 eventus
418 1202 506 1267 spem
526 1177 715 1254 frustrantis,
744 1186 780 1243 ut
805 1178 913 1244 videre
937 1185 986 1243 est
1001 1185 1068 1241 tum
1085 1176 1168 1255 alibi,
1185 1185 1252 1243 tum
1269 1177 1369 1243 Lavit.

271 1277 313 1343 wi.
330 1282 371 1353 2;
387 1280 484 1345 Josue
496 1278 579 1343 xxiv.
594 1278 656 1354 27;
675 1277 758 1342 Esai.
772 1277 845 1341 lviii.
861 1279 903 1341 11
916 1299 926 1353 ;
944 1276 999 1341 Os.
1015 1275 1058 1341 ix.
1071 1278 1111 1353 2;
1128 1270 1239 1341 ¹Abac.
1254 1275 1296 1341 iii.
1314 1277 1369 1344 17.

271 1376 432 1441 Facillime
460 1384 565 1441 autem
591 1377 650 1441 hoc
677 1376 818 1462 procedit
841 1376 874 1440 in
900 1373 1194 1451 comminationibus,
1212 1375 1286 1461 qnia
1307 1375 1371 1441 illae

266 1474 319 1563 jus
336 1475 450 1540 nemini
466 1475 637 1541 conferunt.
680 1476 720 1541 In
737 1475 894 1562 promissis
907 1473 1076 1552 interdum,
1096 1473 1149 1541 ubi
1166 1474 1281 1541 scilicet
1297 1497 1371 1540 con·

272 1574 349 1640 ditio
366 1575 461 1640 tacita
478 1574 619 1661 quaedam
637 1575 752 1641 subest.

347 1676 368 1739 5
404 1674 481 1741 Ideo
499 1674 577 1740 duas
592 1696 644 1739 res
659 1673 827 1762 Apostolus
849 1674 988 1740 nominat
1003 1696 1074 1761 quse
1090 1672 1371 1740 immutabilitatem

271 1781 390 1850 notant,
422 1772 664 1859 promissionem,
693 1774 766 1860 quia
789 1773 843 1860 jus
873 1774 947 1851 dat;
981 1784 1014 1840 et
1041 1773 1263 1860 juramentum,
1296 1774 1371 1859 quia

270 1872 461 1939 conditiones
477 1872 589 1938 tacitas
605 1881 638 1939 et
654 1873 758 1959 aliquo
779 1873 871 1939 modo
889 1874 1022 1939 latentes
1039 1872 1181 1959 repellit:
1207 1881 1243 1938 ut
1259 1872 1370 1939 videre

270 1981 318 2038 est
345 1973 439 2039 etiam
464 1973 545 2037 Psal.
571 1972 689 2037 lxxxix.
716 1976 771 2049 30,
798 1975 852 2049 31,
879 1975 934 2049 32,
961 1975 1016 2049 33,
1040 1974 1094 2047 34,
1110 1973 1165 2048 35,
1181 1974 1235 2036 36.
1286 1972 1370 2036 Nam

269 2072 354 2138 aliud
371 2082 420 2139 cst
435 2071 462 2137 si
479 2094 556 2159 quas
572 2071 761 2138 conditiones
773 2072 841 2159 ipsa
857 2071 974 2160 negotii
991 2079 1105 2138 natura
1119 2080 1229 2159 aperte
1244 2070 1369 2137 indicet

268 2246 352 2307 rupte)
363 2250 401 2295 est
410 2261 462 2308 cap.
470 2249 508 2295 18.
532 2247 582 2296 Ed.
595 2246 655 2296 ceu.
676 2249 794 2296 Lib.lnn·
847 2248 936 2295 Oscam
946 2247 1013 2295 Μ.

268 2322 353 2369 dativ.
382 2322 411 2369 J.
421 2322 466 2383 B.]
889 2333 907 2357 ¹¹
924 2322 1372 2383 Supposuissequodreoerasss‘tanon

313 2396 320 2429 ¹
338 2398 539 2444 Poenitentiadaci
545 2396 645 2458 dicitur]
660 2397 794 2444 Concilium
845 2397 943 2458 habeat]
958 2399 993 2445 Ut
1009 2397 1162 2457 Hippolytus,
1182 2398 1212 2443 de
1231 2411 1279 2457 quo
1298 2398 1371 2443 modo

269 2472 414 2520 Toletnnnm
430 2474 592 2532 v111.oap.2.
621 2471 713 2517 Jurare
727 2487 794 2518 nam·
846 2474 955 2518 diximus.
987 2472 1028 2519 Ad
1041 2471 1101 2517 illud
1116 2472 1241 2531 Sophoclis
1255 2471 1280 2516 in
1298 2471 1372 2517 OEdi-

268 2560 313 2605 que
323 2548 372 2592 Dei
382 2552 416 2593 est
425 2561 442 2592 a
451 2548 528 2605 scipso
539 2546 652 2590 ονάἱιιαια
662 2546 796 2591 arcllatenus
841 2549 905 2609 pede
917 2548 1017 2595 Cotoneo
1032 2548 1102 2606 (vers.
1113 2547 1181 2607 226):

268 2623 403 2678 conuellere,
416 2622 529 2680 poenitcra
544 2634 609 2678 vero,
629 2620 710 2665 eadem
727 2622 796 2667 ordi.
894 2636 975 2679 ’Aeaea
984 2636 1001 2677 ὅ·
1012 2636 1101 2682 mm

268 2699 328 2740 nata
343 2708 395 2739 cam
410 2695 519 2749 calamit,
540 2695 670 2741 immutare.
701 2695 796 2741 Retulit
895 2704 1247 2756 'netpaetrtpeeapeeanneptaa

269 2768 401 2815 Gratianus
414 2768 439 2813 in
457 2781 552 2813 cansam
570 2781 640 2814 xxxx.
658 2774 745 2828 quaest.
759 2783 795 2820 iv,
895 2770 1001 2813 nemaei
1012 2772 1075 2823 χάριν
1082 2771 1189 2813 ἀντίδοσιν
1199 2774 1254 2825 ἔχει.

269 2857 290 2890 c.
302 2843 325 2891 9.
354 2843 457 2903 Explica
466 2856 522 2888 vero
534 2848 560 2888 ut
570 2843 594 2887 in
606 2848 674 2889 textn
685 2847 776 2891 nostro.
892 2854 956 2893 iham
965 2855 992 2894 ad
1001 2855 1094 2893 medem
1101 2855 1266 2903 superscandens,

313 2916 326 2951 ¹1
343 2918 378 2964 Ob
393 2919 546 2965 conditionem
559 2918 630 2964 tacite
644 2917 794 2979 intellectam]
891 2917 1060 2961 Nonnenencua
1069 2917 1239 2957 scdntrocosolct

270 2992 384 3040 Senecam
400 2993 454 3039 ride
465 2992 617 3039 Naturalium
628 2994 795 3049 ermstionurn
892 2977 1052 3025 ⁰¹²⁴¹⁰¹⁰1>e¹1dl

270 3071 309 3126 11,
319 3072 356 3116 37.
847 3071 886 3117 Sic
896 3072 938 3129 eit,
949 3071 990 3118 scal
1000 3072 1119 3118 noveleti
1129 3074 1229 3133 νομίζον
1237 3072 1372 3135 octavode-

314 3142 322 3179 ¹
336 3144 517 3206 Abae.iii.17.]
531 3144 605 3192 Adde
615 3145 705 3192 Jobnm
714 3144 745 3191 xl.
756 3146 794 3192 28.
845 3146 932 3206 δέχθαι
946 3148 1023 3193 αὐτὸν
1036 3147 1078 3193 xal
1092 3148 1252 3209 ἐπηγγέλθαι
1260 3150 1313 3204 ’τήν
1325 3149 1373 3196 α’σ·

268 3376 376 3451 change
388 3380 444 3435 and
456 3386 486 3436 to
498 3388 607 3454 ropent,
623 3383 703 3438 when
716 3381 752 3437 ho
770 3390 829 3438 acts
842 3382 989 3439 otherwise
1001 3383 1070 3439 than
1085 3381 1134 3437 tho
1148 3380 1238 3435 words
1252 3396 1328 3435 soem
1341 3387 1371 3436 to

268 3464 365 3536 imply,
385 3466 475 3521 which
492 3468 529 3521 ho
548 3468 616 3522 does
635 3485 671 3521 on
690 3476 810 3522 account
832 3470 865 3522 os
884 3488 902 3523 a
917 3470 1062 3523 condition
1079 3468 1177 3538 tacitly
1192 3467 1374 3531 understood,

267 3549 358 3602 which
372 3550 422 3603 has
441 3551 549 3605 censed.
596 3554 650 3606 Sea
670 3552 720 3606 the
741 3569 879 3622 passages.
925 3554 988 3607 hnd
1007 3556 1036 3608 in
1052 3554 1107 3609 this
1127 3569 1207 3608 senso
1226 3552 1291 3605 God
1305 3570 1372 3623 may

268 3633 439 3704 impropcrly
453 3635 488 3687 be
503 3635 563 3687 said
580 3642 608 3688 to
623 3638 720 3689 doeeiee
732 3653 779 3699 us3
798 3636 847 3689 tho
860 3639 935 3692 word
954 3640 1033 3694 often
1046 3640 1177 3709 meaning
1192 3645 1222 3692 to
1230 3640 1372 3707 frustrate

266 3717 341 3786 hope.
387 3718 441 3771 Sco
457 3718 505 3772 tho
519 3735 657 3789 passages.
702 3720 766 3773 And
787 3720 841 3775 this
856 3740 974 3794 appears
989 3742 1067 3779 moro
1085 3725 1193 3799 plainly
1209 3725 1239 3777 in
1254 3723 1371 3788 threats,

267 3800 387 3855 because
400 3801 466 3873 thoy
480 3804 543 3872 give
555 3819 592 3856 no
607 3804 699 3875 right:
722 3806 882 3863 sometimes
899 3810 929 3862 in
947 3812 1091 3881 promises,
1108 3809 1201 3865 where
1219 3807 1300 3864 there
1314 3810 1338 3863 is
1353 3824 1371 3862 a

267 3886 337 3940 tacit
351 3887 504 3942 condition.

322 3980 339 4026 5
362 3973 516 4028 Tbcrefore
531 3971 580 4027 tho
593 3972 710 4046 Apostle
725 3976 825 4046 speaks
840 3978 873 4033 oi
891 3985 944 4033 two
960 3980 1054 4053 things
1070 3981 1161 4036 which
1175 3980 1255 4035 mark
1268 3981 1371 4033 immu-

192 4095 197 4105 .
266 4052 379 4130 tability
387 4078 395 4124 ;
416 4058 464 4114 tho
476 4059 605 4130 promise,
619 4061 708 4115 which
722 4064 798 4133 gives
813 4064 862 4119 the
876 4066 1015 4137 promisco
1026 4084 1044 4121 a
1056 4067 1149 4137 right;
1163 4068 1220 4121 and
1232 4066 1282 4120 the
1294 4065 1372 4129 cath,

267 4143 312 4198 for
324 4144 386 4199 that
400 4146 490 4216 ropels
506 4144 574 4199 tacit
586 4146 641 4199 and
657 4146 746 4201 latent
761 4150 924 4205 conditione
963 4152 1017 4206 Sco
1029 4152 1078 4207 the
1090 4152 1198 4206 Psalms
1210 4168 1241 4205 as
1252 4151 1369 4221 quoted.

266 4228 324 4283 For
339 4233 361 4284 it
376 4231 398 4285 is
411 4230 531 4286 another
544 4230 625 4300 thing
638 4231 664 4284 if
679 4248 735 4304 any
753 4236 909 4290 conditione
928 4253 976 4291 are
996 4238 1099 4308 oponly
1117 4236 1258 4291 indicated
1271 4236 1309 4307 by
1320 4236 1371 4290 the

267 4324 368 4369 nature
388 4317 422 4369 of
439 4316 488 4371 tho
508 4318 688 4371 transaction.
734 4319 799 4373 And
819 4328 849 4375 to
869 4322 1017 4376 thiasomo
1035 4324 1111 4377 roser
1129 4321 1368 4377 Numantinae:

272 4398 309 4451 Ye
322 4400 392 4452 elmll
408 4410 455 4455 aot
468 4418 539 4455 conse
553 4401 609 4455 into
624 4403 664 4456 tlte
684 4405 752 4458 laad
771 4408 930 4477 contermino
943 4408 1025 4460 ιυιὶοι
1042 4410 1063 4460 I
1077 4425 1164 4462 awcrc
1179 4416 1205 4461 to
1225 4406 1303 4461 aaa&
1314 4422 1370 4477 you

266 4484 344 4538 dwell
354 4486 461 4540 therein.
498 4487 556 4541 nur
570 4487 593 4542 it
604 4488 628 4541 is
639 4506 717 4544 more
729 4500 809 4546 exact
822 4499 851 4546 to
866 4508 916 4562 say
928 4492 991 4546 that
1000 4491 1048 4546 the
1060 4493 1127 4546 land
1141 4508 1195 4547 was
1206 4508 1306 4554 swern,
1319 4496 1372 4545 not
