3000 5062
112 782 213 873 ttius

114 876 181 915 Μ

274 292 338 356 182
595 301 648 355 DE
670 296 1048 355 INTERPRETATIONE.
1247 292 1322 362 [hta.
1336 295 1377 349 11.

274 473 386 556 egeat:
407 464 481 552 quia
496 472 583 531 actus
598 472 662 530 tam
674 462 804 530 benefici
818 482 857 529 ea
869 469 917 528 est
932 469 1055 538 natura,
1073 467 1110 527 ut
1125 482 1189 527 non
1204 461 1378 527 credendus

275 566 317 632 sit
333 565 495 652 quisquam
520 565 561 631 ad
578 586 725 654 magnum
750 585 838 629 suum
855 561 1081 628 incommodum
1101 582 1136 626 se
1153 560 1287 629 voluisse
1301 560 1379 628 obli-

275 686 361 754 gare.
393 665 445 730 Sic
462 664 515 751 qui
532 664 679 730 auxilium
692 663 834 729 federato
851 661 1000 749 promisit,
1014 659 1212 726 excusabitur
1230 660 1378 747 quamdiu

276 764 342 852 ipse
359 764 442 831 domi
459 764 659 851 periclitatur,
677 763 873 849 inquantum
887 760 981 847 copiis
993 782 1070 847 opus
1086 759 1191 825 habet
1225 761 1268 825 Et
1284 764 1379 826 ‘con-

277 864 372 930 cessio
397 862 599 930 immunitatis
624 860 820 951 vectigalium
845 859 1092 927 attributorum
1120 858 1314 948 intelligetur
1337 859 1379 926 de

277 962 464 1052 quotidianis
480 971 514 1030 et
529 962 757 1039 anniversariis,
780 983 841 1026 non
865 961 905 1027 de
919 959 966 1037 iis,
984 980 1054 1046 quae
1077 979 1196 1024 summa
1211 958 1380 1026 necessitas

277 1063 384 1153 exigit,
401 1072 434 1129 et
450 1063 561 1149 quibus
578 1085 686 1129 carere
702 1061 876 1148 respublica
890 1081 952 1125 non
969 1067 1081 1146 potest.

114 1178 263 1229 ”eorem
352 1166 372 1227 2
407 1165 458 1227 Ex
475 1163 587 1249 quibus
603 1171 736 1250 apparet
755 1159 845 1225 nimis
861 1162 933 1226 laxe
950 1160 1065 1225 dictum
1089 1177 1109 1222 a
1132 1156 1291 1235 Cicerone,
1315 1177 1379 1222 non

277 1263 432 1327 servanda
448 1260 598 1349 promissa
620 1282 690 1350 quae
711 1260 773 1327 sint
788 1258 826 1325 iis
840 1260 952 1347 quibus
973 1257 1150 1344 promiseris
1171 1255 1302 1333 inutilia,
1321 1277 1380 1322 nec

277 1359 303 1425 si
318 1360 387 1447 plus
402 1359 459 1427 tibi
475 1370 606 1426 noceant
623 1383 715 1446 quam
732 1358 777 1424 illi
799 1359 920 1446 prosint
941 1357 990 1423 cui
1007 1356 1194 1444 promiseris.
1237 1357 1320 1422 Nam
1336 1377 1379 1421 an

276 1479 329 1524 res
352 1458 437 1525 utilis
460 1459 502 1525 sit
521 1460 628 1525 futura
650 1461 688 1537 ei,
716 1459 765 1525 cui
791 1459 941 1545 promissa
964 1465 1022 1533 est,
1046 1455 1190 1542 judicare
1210 1455 1379 1542 promissor

277 1580 340 1623 non
356 1558 460 1636 debet,
478 1558 536 1624 nisi
552 1558 635 1624 forte
651 1559 684 1624 in
700 1580 773 1624 casu
789 1557 913 1633 suroris,
931 1557 972 1623 de
988 1578 1050 1643 quo
1065 1577 1162 1642 supra
1177 1555 1330 1620 diximus:
1346 1563 1380 1620 et

276 1666 313 1724 ut
328 1658 510 1745 promissum
529 1659 743 1746 promissorem
760 1678 822 1722 non
839 1657 966 1746 obliget,
983 1676 1047 1721 non
1063 1655 1139 1720 satis
1155 1662 1203 1721 est
1219 1653 1380 1741 quodlibet

277 1766 494 1823 nocumentum
516 1757 549 1824 in
573 1757 798 1844 promissorem,
819 1757 874 1823 sed
896 1756 960 1823 tale
976 1761 1100 1842 oportet
1122 1754 1171 1832 sit,
1192 1747 1298 1839 l'quod
1320 1773 1377 1839 pro

277 1864 391 1923 natura
405 1866 493 1923 actus
511 1857 597 1924 credi
613 1858 726 1924 debeat
742 1865 914 1943 exceptum.
953 1856 1005 1921 Sic
1022 1854 1075 1940 qui
1092 1875 1204 1941 operas
1219 1852 1319 1920 ricino
1336 1851 1379 1917 ad

277 1956 343 2023 dies
367 1957 486 2043 aliquot
507 1957 657 2045 promisit,
678 1979 741 2022 non
763 1956 928 2033 tenebitur,
955 1954 981 2020 si
1001 1976 1072 2021 eum
1094 1954 1221 2020 morbus
1243 1951 1379 2018 sonticus

322 2132 474 2179 tConccrsio
489 2131 654 2194 immunitatis]
670 2133 733 2180 Vide
750 2132 802 2178 Ro·
848 2130 884 2191 gl.
897 2129 928 2177 ir.
943 2144 968 2177 n.
983 2131 1006 2176 3.
1036 2129 1108 2176 Ferd.
1124 2128 1258 2189 Vanquinm
1272 2129 1302 2175 de
1318 2128 1379 2175 siac-

276 2208 420 2254 scnthalinm
447 2208 476 2253 de
499 2206 589 2254 Feadie
608 2223 662 2269 cap.
682 2223 705 2254 v.
726 2207 803 2254 concl.
848 2206 976 2253 cadonum
998 2203 1122 2251 &euticus
1140 2204 1202 2250 libro
1223 2216 1252 2250 11.
1273 2201 1287 2263 5
1309 2202 1379 2249 xviii.

276 2286 494 2329 nxxxvr.nnm.t.
505 2284 803 2343 Heinglurtriumxvur.
848 2283 963 2328 num.80.
993 2279 1126 2326 Antonium
1143 2279 1248 2325 Fabrum
1262 2278 1378 2325 rer-umisa

276 2370 343 2403 num.
355 2357 393 2404 lb.
407 2362 477 2417 parte
491 2371 511 2405 1.
542 2358 722 2404 Gothmannnm
736 2371 803 2404 cons.
850 2356 976 2404 Subcudia
984 2356 1150 2414 judicatarum
1165 2356 1226 2401 libro
1236 2369 1271 2402 rw.
1282 2356 1322 2401 tit.
1338 2357 1378 2401 30.

275 2443 314 2478 x1.
335 2435 375 2480 32.
406 2433 504 2477 Clarum
527 2431 541 2492 ξ
561 2433 668 2478 feudum.
684 2444 763 2479 xxix.
779 2435 802 2477 2.
849 2434 945 2479 Zasium
960 2433 985 2478 ln
1000 2433 1017 2479 l.
1032 2431 1156 2493 stipulatio
1171 2432 1217 2478 boo
1237 2432 1317 2478 modo.
1338 2431 1377 2479 61.

276 2507 399 2552 Andreem
411 2507 526 2553 Knichdc
538 2507 804 2567 VestitirPcctie,pnrtc
848 2520 914 2555 num.
935 2510 957 2555 3.
980 2508 1011 2553 de
1030 2507 1157 2552 verborum
1177 2506 1376 2566 obligationibus.

276 2595 306 2627 11.
324 2596 346 2628 c.
360 2584 383 2628 6.
399 2596 466 2627 num.
481 2585 520 2630 20.
536 2583 666 2628 Henricum
682 2582 760 2627 Boeer
775 2582 804 2627 ds
849 2583 921 2630 Adde
935 2596 956 2627 ο.
968 2580 1178 2640 quemadmodum.
1188 2582 1225 2627 25.
1242 2578 1376 2636 dejurv'u-

279 2656 390 2702 Collectis
399 2670 451 2715 cap.
462 2655 494 2701 iv.
505 2659 542 2701 12.
848 2656 926 2704 rande
936 2661 962 2703 et
971 2655 1092 2702 Alciatnm
1102 2656 1134 2701 ad
1144 2669 1167 2703 c.
1180 2669 1233 2701 eum
1246 2656 1376 2715 mutirent,

321 2729 333 2762 ¹¹
351 2729 423 2788 Quod
435 2744 483 2789 pre
497 2734 586 2776 natira
600 2735 668 2776 artur
682 2730 748 2777 credi
762 2731 803 2777 dc·
849 2733 933 2779 eodem
943 2730 1024 2776 titulo.

276 2805 330 2851 beat
339 2804 468 2864 exceptam]
478 2805 803 2851 VideCarolnmtlfolinsenm
893 2806 899 2841 ¹
918 2802 1290 2865 QuodapudSenccamlcpimur]
1304 2803 1377 2864 Ejus-

277 2880 312 2926 ad
323 2880 506 2927 Cometudincr
515 2880 666 2928 Parisiorum
676 2882 714 2929 tit
725 2895 744 2929 1.
755 2881 769 2943 5
781 2884 803 2928 2.
849 2882 904 2927 dem
914 2880 965 2926 hac
974 2884 1039 2939 sunt,
1048 2880 1127 2940 capite
1141 2879 1221 2928 xxxix.
1234 2880 1287 2927 Lib.
1299 2892 1335 2926 rw.
1347 2879 1376 2925 dc

962 3026 1060 3035 .-.-.--

278 3130 359 3203 thing
372 3129 450 3185 fora
469 3128 524 3185 few
538 3129 616 3203 days,
633 3146 699 3202 may
719 3128 840 3185 demand
853 3130 876 3184 it
890 3130 963 3186 back
977 3132 1060 3203 again
1075 3130 1172 3186 within
1187 3128 1249 3185 that
1260 3128 1338 3193 time,
1352 3126 1379 3181 if

275 3218 313 3274 he
331 3216 446 3272 himself
458 3216 529 3271 hare
543 3222 624 3288 great
638 3215 711 3271 need
726 3216 759 3271 of
770 3216 804 3270 it:
826 3216 946 3271 because
962 3218 1018 3273 this
1036 3212 1174 3288 [lending]
1190 3217 1264 3270 isan
1279 3219 1326 3268 act
1344 3230 1376 3268 ιο

275 3304 424 3361 beneficiul
445 3304 475 3357 in
491 3305 526 3358 its
548 3311 657 3366 nature,
677 3302 740 3358 that
761 3303 784 3356 it
805 3303 828 3358 is
844 3310 895 3358 not
911 3308 941 3358 to
963 3304 999 3358 be
1011 3303 1150 3376 supposed
1167 3301 1230 3356 that
1251 3317 1307 3371 any
1321 3314 1376 3353 one

276 3391 369 3447 would
383 3390 501 3462 thereby
515 3390 583 3444 biud
598 3389 715 3444 himself
726 3396 756 3444 ιο
770 3388 813 3443 his
826 3405 888 3442 own
901 3395 982 3460 great
996 3390 1221 3445 inconvenience.
1250 3386 1327 3440 Thus
1338 3384 1377 3439 he

276 3477 338 3530 who
352 3476 403 3530 bas
418 3475 559 3547 promised
571 3476 720 3532 assistance
732 3483 762 3530 to
774 3492 791 3529 a
805 3474 932 3531 foderato
942 3475 1008 3548 ally,
1022 3477 1078 3529 will
1089 3476 1125 3529 be
1137 3472 1256 3529 excused
1267 3488 1298 3525 as
1310 3471 1380 3541 long

276 3579 307 3615 as
321 3561 358 3615 he
373 3563 396 3614 is
410 3562 440 3612 in
455 3561 561 3629 danger
575 3565 605 3612 at
619 3559 711 3625 home,
734 3576 764 3615 so
779 3561 824 3615 far
837 3578 868 3615 as
882 3561 919 3617 he
933 3562 984 3616 has
999 3562 1127 3616 occasion
1140 3560 1186 3615 for
1199 3559 1242 3613 his
1257 3572 1373 3628 powers.

276 3646 341 3699 And
363 3661 381 3697 a
400 3645 561 3698 concession
579 3643 613 3696 of
630 3644 780 3717 immunity
797 3645 872 3701 from
898 3653 946 3702 tax
966 3648 1022 3701 and
1043 3648 1150 3702 tribute
1168 3650 1243 3699 must
1264 3643 1302 3697 be
1322 3658 1375 3695 un·

276 3727 409 3783 derstood
432 3727 500 3782 with
525 3726 670 3785 reference
693 3736 723 3785 ιο
753 3731 829 3802 daily
850 3733 907 3785 and
928 3734 1025 3806 yearly
1049 3740 1136 3797 taxes,
1160 3738 1212 3785 not
1235 3735 1266 3784 to
1292 3726 1376 3781 those

276 3812 367 3867 which
388 3828 466 3867 some
483 3818 608 3868 extreme
622 3816 761 3888 necessity
775 3815 908 3887 requires,
923 3817 979 3872 and
993 3818 1084 3874 which
1105 3818 1155 3874 the
1173 3817 1253 3871 State
1271 3816 1376 3867 cannot

275 3901 312 3955 do
327 3897 453 3953 without.

333 3992 350 4039 2
364 3984 489 4040 thnce
498 3983 521 4040 it
535 4000 653 4057 appears
661 3984 724 4041 that
739 3986 838 4043 (licoro
849 3988 937 4060 spolie
949 3996 997 4045 too
1011 3987 1095 4062 laxly,
1103 3985 1184 4043 when
1192 3982 1230 4041 he
1239 3982 1300 4038 said
1311 3981 1376 4037 that

274 4088 346 4144 your
357 4072 492 4143 promisce
507 4087 556 4126 are
569 4078 621 4126 not
635 4078 665 4127 to
676 4072 713 4127 bo
726 4071 796 4146 lrcpt
810 4074 901 4129 which
914 4092 963 4130 ere
977 4075 1082 4130 useless
1096 4080 1126 4130 ιο
1141 4072 1223 4128 those
1237 4075 1267 4124 ιο
1283 4068 1376 4122 whom

274 4157 343 4230 thoy
365 4173 413 4211 are
439 4156 541 4222 mado,
562 4173 615 4211 nor
635 4157 660 4211 if
680 4157 748 4230 they
768 4160 849 4215 harm
867 4177 924 4233 you
948 4177 1026 4215 more
1044 4159 1114 4215 than
1132 4158 1200 4229 they
1217 4154 1376 4224 advantage

275 4242 363 4297 thom.
407 4243 465 4296 For
483 4241 609 4296 whether
627 4242 677 4298 the
696 4243 777 4317 thing
794 4245 851 4299 will
866 4247 903 4302 be
917 4245 1009 4301 useful
1029 4245 1135 4301 tobim
1154 4250 1186 4299 to
1206 4240 1299 4295 whom
1313 4240 1337 4294 it
1351 4238 1375 4293 is

274 4328 425 4399 promised,
443 4326 493 4381 tho
515 4328 693 4399 promiseris
711 4338 762 4386 not
783 4332 832 4387 tho
847 4332 946 4403 judge‚
963 4337 1063 4402 except
1082 4330 1205 4403 perhaps
1223 4326 1305 4381 when
1324 4323 1376 4379 tho

273 4413 413 4484 promisco
427 4412 451 4466 is
465 4412 540 4478 mad,
559 4413 592 4468 of
603 4414 693 4471 which
708 4432 771 4473 caso
786 4434 827 4473 wo
841 4416 912 4473 hare
927 4417 1034 4490 spoken
1046 4416 1152 4471 abore:
1172 4412 1229 4469 and
1243 4413 1274 4466 in
1289 4410 1376 4467 ordor
