3000 5062
279 312 343 377 414
463 325 617 382 Monrra
636 326 689 381 DE
711 326 796 382 NON
818 326 977 381 TEMERE
998 325 1120 380 tantan
1141 326 1198 381 EX
1253 325 1380 394 [LinII.

349 487 393 552 II.
437 489 457 552 1
493 487 549 552 Ad
569 508 675 574 peenas
698 508 774 552 vero
797 485 983 552 omittendas
1004 486 1103 552 multa
1126 497 1209 563 sunt,
1232 509 1305 574 qua
1325 510 1383 554 nos

280 586 456 655 hortantur
491 585 670 662 Videamus,
688 607 782 670 quam
798 586 897 650 multa
913 594 1020 671 patres
1035 585 1068 649 in
1084 585 1154 651 filiis
1171 586 1382 655 dissimulant.

216 707 345 773 ·qua
371 685 411 751 de
436 707 473 751 re
498 684 674 750 dissertatio
696 692 744 750 est
770 683 925 749 Ciceronis
952 685 1036 770 apud
1063 684 1198 750 Dionem
1228 687 1382 752 Cassium.

282 777 426 861 Pater,b
434 793 470 851 ut
486 784 604 849 Seneca
625 783 680 861 ait,
697 786 764 849 nist
758 785 893 848 malta
912 796 942 849 ct
958 805 1088 868 mopnoe
1104 786 1240 868 injuria
1250 787 1385 872 patiera-

282 887 363 950 tt'am
382 887 576 959 amarant,
593 885 661 948 niet
654 884 755 967 plac
770 895 825 957 eet,
849 885 935 968 qnod
957 885 1056 959 timet,
1072 905 1171 965 qnam
1188 887 1274 967 qatod
1289 888 1384 950 dant·

281 996 350 1061 not,
376 1007 440 1050 non
458 985 587 1049 accedet
606 984 653 1046 ad
670 983 882 1048 decretoriam
903 983 1043 1066 stylum:
1066 982 1149 1046 unde
1168 1004 1230 1047 non
1250 984 1385 1049 multum

116 1096 236 1137 metue
281 1082 438 1169 discrepat
463 1080 575 1146 Phinei
605 1079 730 1156 dietum,
755 1080 907 1146 recitante
933 1080 1073 1146 Diodoro
1104 1080 1225 1147 Siculo:
1261 1075 1384 1163 μηδένα

281 1177 415 1273 πατίρα
446 1178 569 1265 λαβεῖν
603 1176 681 1271 παρ’
713 1179 786 1247 υἱῶν
815 1175 969 1249 ἑκουσίως
996 1181 1159 1272 τιμωρίαν,
1194 1182 1221 1247 ei
1253 1179 1298 1263 μή
1333 1185 1384 1272 τῷ

279 1277 416 1369 μεγέθει
452 1282 519 1347 τῶν
553 1271 758 1360 adtrnpdrmv
794 1273 993 1370 ὖπιρθοῖντο
1033 1276 1095 1358 τὴν
1134 1277 1273 1371 φυσικὴν
1314 1284 1384 1348 τῶν

116 1393 262 1479 fffirffi
280 1374 406 1465 ’γονέων
430 1379 472 1450 είς
497 1373 595 1445 τέκνα
615 1378 878 1470 φιλοστοργίαν,
904 1387 938 1441 et
960 1375 1036 1443 illud
1056 1377 1231 1442 Andronici
1253 1379 1381 1461 Rhodii,

154 1450 168 1488 p
280 1468 380 1546 chrisio
407 1472 523 1567 παι-ἦρ
549 1471 742 1571 ἀφίσταται
768 1478 830 1542 τοῦ
856 1474 934 1554 υίου,
961 1477 990 1543 εί
1016 1508 1059 1559 μη
1051 1472 1382 1570 ὑπερβαλλόντως

278 1576 330 1657 ein
354 1572 531 1669 μοχθηρός

354 1677 376 1739 2
409 1677 453 1741 At
468 1673 606 1762 quisquis
624 1672 719 1739 alium
741 1671 852 1760 punire
869 1674 946 1750 vult,
969 1673 1125 1751 crectoris,
1145 1673 1178 1740 id
1199 1683 1248 1741 est
1269 1676 1382 1762 patris,

114 1782 229 1832 Betim
278 1773 504 1860 quodammodo
520 1795 685 1860 personam
701 1772 848 1859 suscipit:
870 1793 933 1858 quo
947 1772 1113 1858 respiciens
1130 1772 1324 1861 Augustinus
1340 1776 1383 1841 ad

279 1873 431 1940 Comitem
456 1871 690 1938 Marcellinumz
715 1873 823 1958 imple,
847 1870 957 1956 inquit,
988 1874 1175 1938 Christiane
1189 1874 1308 1956 jadas,
1324 1877 1385 1960 pii

321 2064 334 2099 ὓ
352 2066 386 2115 Ut
401 2065 490 2113 Scaea
505 2064 555 2126 aii]
578 2064 619 2112 De
637 2064 765 2113 ssemmtia
784 2078 804 2112 ι.
853 2066 895 2111 καί
912 2064 1123 2125 ὑπερβάλλουσαν
1139 2066 1304 2124 advorsariis
1317 2068 1385 2115 ίκιί·

277 2154 330 2201 cap.
342 2143 379 2187 14.
409 2142 536 2200 Augustus
546 2140 610 2202 patri
620 2140 645 2185 in
656 2139 754 2185 consilio
764 2153 804 2185 aa·
853 2155 903 2185 rota
917 2137 1042 2198 μοχθηρία
1058 2142 1284 2199 κατακρατήσιιεν·
1296 2149 1386 2203 patrea

276 2215 356 2261 sidens
369 2215 399 2261 de
409 2215 468 2270 filio,
480 2215 522 2275 qni
535 2216 560 2260 in
575 2214 702 2275 parricidio
717 2214 804 2274 depre·
851 2211 1010 2259 abdicationis
1029 2213 1110 2259 misna
1129 2215 1201 2261 oerha
1216 2219 1385 2276 pronuntiant,

276 2290 443 2347 hensusesaet,
453 2291 526 2337 dixit:
537 2289 748 2350 relcpartdmmno
755 2302 804 2349 pa·
844 2287 960 2346 filiosque
968 2300 986 2332 o
994 2287 1062 2332 domo
1075 2301 1120 2333 aaa
1130 2292 1152 2334 et
1164 2290 1228 2335 οιιιιιι·
1242 2293 1386 2352 coquatim

277 2366 310 2410 tri
319 2365 444 2412 oidmtar.
474 2364 531 2411 Non
545 2365 642 2421 mltum,
655 2379 701 2410 ιιοιι
710 2378 804 2423 serpat-
852 2364 1001 2422 abrumpam,
1016 2363 1053 2408 ita
1066 2363 1163 2421 άιιιιιιιιι,
1176 2365 1218 2411 uhi
1233 2380 1339 2414 acrorem
1352 2368 1385 2414 ii-

275 2444 317 2496 ιιι,
332 2455 379 2485 aon
395 2453 511 2486 carcerem
526 2439 641 2486 decrerat:
658 2453 744 2485 memor
758 2452 804 2484 ιιοιι
852 2437 907 2494 lam,
917 2451 984 2496 qoem
993 2437 1106 2497 iacentem
1119 2452 1149 2484 ac
1158 2454 1230 2499 caper
1239 2443 1321 2488 omnia
1331 2445 1384 2489 cai.

276 2515 306 2560 de
315 2529 361 2573 quo
372 2519 479 2569 comma,
493 2513 535 2559 ced
544 2513 582 2559 cni
592 2513 617 2558 in
626 2513 723 2559 canalio
733 2516 802 2558 esset:
852 2511 923 2555 mium
930 2516 1019 2556 natura
1021 2512 1162 2571 pareatibus
1169 2513 1264 2571 indidit,
1268 2515 1384 2575 filioram

275 2588 412 2634 mollissimo
427 2600 509 2646 amere
522 2601 598 2646 poeaae
614 2591 742 2633 contentam
756 2599 805 2632 ears
852 2584 992 2645 improbitas
1000 2585 1065 2633 eicit.
1091 2587 1264 2648 (Pag.904a.)
1295 2590 1383 2639 cicero

276 2664 359 2709 dehere
366 2669 460 2722 patrem
470 2663 539 2709 dicit.
570 2663 653 2709 Verba
662 2670 719 2709 sunt
729 2664 804 2709 Sene·
847 2672 896 2719 pro
905 2658 1024 2719 liparia:
1035 2660 1154 2719 ἰριοιοίἑε,
1164 2661 1272 2721 Jndicce,
1281 2667 1384 2724 erravit,

276 2752 310 2783 cae
320 2737 404 2783 eodem
414 2738 475 2782 libro
483 2751 504 2783 c.
515 2738 552 2783 15.
573 2737 701 2783 Terentius
708 2737 804 2784 Andria
852 2732 934 2791 larem
943 2737 985 2790 eet,
995 2747 1041 2777 naa
1048 2734 1142 2792 putant
1151 2750 1160 2780 .·
1170 2736 1193 2780 ιι·
1202 2750 1307 2796 anquam
1312 2745 1385 2799 poet.

280 2810 323 2871 (V.
334 2810 424 2871 mh
852 2805 1069 2865 hacadparcntem
1078 2809 1240 2868 cicaqicctet.
1254 2812 1383 2873 (Capto.)

322 2886 364 2925 Pro
383 2889 465 2935 pesam
483 2895 560 2934 magno
579 2884 689 2935 pannulum
708 2886 803 2935 mppucll
895 2880 1071 2937 castoriam
1076 2883 1201 2941 stipatria,
1208 2884 1383 2944 quodammodo

367 2948 526 2997 uitiatam
847 2968 977 3015 μιιιοιιαιιι
1006 2955 1114 3016 metim]
1155 2956 1248 3004 Seneca
1275 2961 1384 3020 epistola

275 3029 347 3077 Philo
370 3029 430 3088 περί
455 3028 582 3090 εὐγενείας
610 3027 657 3075 ait:
687 3025 803 3087 τατίραι
851 3037 982 3071 nxxxvnt
1014 3025 1140 3073 amaea
1163 3028 1242 3074 alieno
1266 3033 1385 3092 ιαιιφιίιιι·

275 3104 429 3161 daspetiacae
438 3101 801 3165 χρηματίζειντιόννίιόν,α“πο-
851 3103 963 3159 amquam
977 3114 1019 3145 cuo
1029 3101 1119 3159 parcit,
1135 3107 1158 3147 et
1170 3102 1216 3149 scic
1230 3103 1322 3153 homini
1335 3122 1386 3155 ιιοιι

276 3176 802 3239 σχοινίζονταιαιίτοὺιτῆιοἶκίαικαίσιγ-
851 3175 1232 3236 arctemineprodtyeatenaan.
1255 3179 1385 3231 Diodorus

276 3253 383 3312 γιιιίαι,
392 3252 455 3299 ὅταν
464 3253 512 3308 rin
526 3252 554 3299 ίκ
564 3252 664 3311 piceos
677 3249 803 3307 repereris
851 3250 945 3297 Siculus
954 3251 979 3297 in
987 3252 1129 3313 fragmentis
1137 3269 1144 3301 t
1152 3257 1179 3301 οίι
1187 3256 1385 3319 ὅεῖτοίιιιίμιιρ.

1010 3394 1068 3401 —.

275 3494 404 3550 received
420 3495 494 3550 from
509 3494 590 3550 those
605 3495 672 3550 with
686 3495 777 3550 whom
792 3513 833 3551 we
845 3496 927 3550 think
939 3498 972 3552 of
982 3498 1067 3569 going
1079 3502 1109 3553 to
1124 3515 1189 3565 war,
1202 3497 1256 3555 but
1273 3501 1335 3558 also
1351 3510 1386 3562 at

275 3580 351 3634 what
365 3587 482 3634 amount
495 3581 519 3634 it
532 3581 556 3634 is
571 3587 600 3635 to
612 3582 648 3635 be
663 3581 820 3637 estimated.

331 3664 369 3721 11.
414 3669 429 3717 l
453 3665 495 3718 Το
512 3681 576 3734 pass
595 3682 662 3719 orer
676 3666 795 3720 offences
810 3666 929 3724 without
946 3668 1137 3740 punishment,
1152 3669 1175 3725 is
1193 3685 1327 3728 accures
1349 3681 1384 3731 to

275 3746 365 3802 which
377 3763 462 3819 many
473 3765 586 3803 reasons
597 3749 696 3804 exhort
707 3768 748 3806 us.
774 3752 828 3807 See
840 3752 903 3807 how
914 3771 999 3826 many
1013 3754 1107 3825 things
1115 3760 1229 3826 parents
1240 3757 1385 3818 overlook

275 3835 305 3888 in
320 3832 462 3888 children:
487 3851 523 3889 on
539 3834 629 3890 which
645 3834 742 3890 Cicero
757 3836 786 3889 in
801 3837 856 3892 Dio
873 3839 983 3893 cassius
998 3845 1104 3905 treats;
1125 3856 1156 3895 so
1169 3841 1298 3907 Senem
1319 3847 1384 3903 and

274 3919 399 3976 Phineus
414 3920 444 3973 in
455 3921 596 3976 Diodorus
603 3941 611 3987 3
633 3922 689 3976 and
701 3922 877 3978 Andronicus
888 3924 1025 3981 Rhodius.

331 4013 349 4060 2
372 4007 445 4061 Now
456 4007 584 4064 whoerer
595 4008 764 4063 undertakes
775 4015 806 4063 to
817 4009 921 4081 punish
932 4009 1059 4074 another,
1070 4026 1193 4065 assumes
1202 4010 1231 4064 in
1243 4029 1261 4064 a
1268 4018 1384 4073 certain

273 4090 376 4163 degree
391 4091 440 4147 the
455 4092 645 4148 characteres
658 4110 676 4147 a
690 4110 836 4164 governor,
851 4094 913 4150 thot
924 4097 955 4159 is,
967 4096 1001 4149 of
1009 4103 1155 4166 aparent3
1176 4113 1207 4150 as
1219 4096 1384 4168 Augustius

274 4194 336 4248 says
354 4183 384 4231 to
400 4178 492 4232 Oount
507 4179 695 4243 Marcellinus,
721 4179 858 4234 climatiae
869 4182 960 4251 jodae,
969 4182 1051 4253 fulsit
1072 4183 1113 4235 the
1127 4183 1195 4252 office
1212 4183 1249 4252 of
1261 4203 1281 4237 α
1294 4188 1383 4255 piosa

269 4272 378 4334 porcat.
433 4263 494 4317 The
511 4265 650 4334 Emperor
671 4263 767 4319 Julian
785 4265 889 4336 praisea
913 4283 931 4318 a
957 4267 1059 4337 speech
1083 4265 1116 4319 of
1132 4267 1277 4333 Pittacus3
1315 4276 1379 4328 who

268 4351 376 4417 prefers
385 4350 497 4417 pandora
511 4359 537 4405 te
546 4350 726 4421 punishment.
764 4349 802 4403 So
817 4349 951 4404 Libanius
967 4367 1038 4421 says,
1056 4350 1118 4405 that
1136 4351 1172 4405 ho
1187 4350 1249 4406 who
1270 4356 1378 4416 wishes

273 4436 303 4485 to
317 4431 354 4487 ha
367 4433 424 4487 like
437 4433 508 4499 God,
522 4435 638 4503 rejoicee
653 4450 732 4489 more
745 4434 776 4489 in
786 4434 957 4505 forgiveness
971 4435 1041 4490 than
1053 4435 1084 4489 in
1096 4435 1258 4508 puniehing.
