3000 5062
283 325 349 389 448
476 332 530 389 nn
553 330 689 389 eiusls
710 331 842 389 tuens
863 333 917 388 UT
938 332 1209 399 Brutumne.
1260 333 1336 403 [Lm.
1348 338 1389 395 11.

282 495 417 564 humeliis
437 494 508 562 ullis
523 494 610 585 adigi
626 477 772 584 potuisse,
790 503 828 562 ut'
846 495 889 562 nd
905 495 975 562 Beli
995 495 1154 583 templum,
1176 497 1260 583 qnod
1278 498 1389 588 Baby-

282 596 353 662 lone
375 603 454 672 erat,
470 595 716 671 instaurandum,
741 594 868 661 humum
892 617 961 660 oum
981 594 1128 662 militibus
1150 596 1261 662 ceteris
1289 620 1390 689 agge-

281 703 397 761 rerent.
446 695 510 761 Sed
532 694 660 782 propius
681 694 780 760 nostri
796 693 973 783 argumenti
989 694 1165 782 exemplum
1185 696 1338 763 habemus
1354 699 1388 764 in

282 793 421 861 Thebae
435 793 568 883 legione,
586 794 627 859 de
643 815 705 881 que
721 815 817 881 supra
833 792 961 882 egimus,
984 802 1017 859 et
1033 793 1067 858 in
1089 794 1208 860 Juliani
1224 794 1386 875 militibus,

282 894 323 960 de
339 893 450 980 quibus
466 894 509 959 sic
524 894 724 959 Ambrosius:
751 895 910 958 Julianus
933 896 1118 979 Imperator
1139 898 1289 973 quamuis
1306 910 1388 964 esset

282 1006 446 1079 apostata,
469 995 586 1059 hahuit
608 1005 715 1059 tamen
735 995 793 1058 cub
814 1015 848 1059 se
867 994 1073 1058 Christianos
1093 996 1236 1059 milites:
1262 998 1387 1077 quihus

281 1115 355 1158 cum
386 1095 524 1170 dicebat,
553 1094 723 1178 producite
749 1094 853 1158 aciem
880 1114 944 1177 pro
975 1094 1155 1177 defensione
1183 1094 1383 1177 reipublice,

281 1193 469 1258 obediebant
491 1195 545 1259 ei:
575 1185 661 1258 ¹essen
683 1204 791 1257 autem
813 1194 934 1257 diceret
954 1192 1010 1265 cis,
1029 1193 1205 1277 producite
1226 1215 1327 1258 arma
1347 1197 1385 1259 in

282 1292 499 1368 Christianos,
531 1305 607 1358 tunc
639 1293 854 1375 apnoecehant
883 1294 1117 1374 Imperatorem
1145 1291 1226 1356 coeii.
1275 1290 1328 1357 Sic
1350 1303 1384 1358 et

279 1387 481 1475 spiculatores
505 1389 637 1477 legimus
658 1389 700 1453 ad
725 1389 883 1455 Christum
904 1409 1067 1454 conversos
1092 1388 1171 1454 mori
1192 1389 1295 1477 potins
1321 1391 1383 1457 ele

279 1487 371 1575 gisse,
398 1508 492 1574 qnam
515 1486 624 1554 edictis
653 1495 686 1553 et
709 1486 834 1573 judiciis
865 1488 898 1551 in
925 1486 1117 1553 Christianos
1144 1509 1270 1554 manum
1298 1511 1381 1555 eom·

279 1586 453 1653 moderent.

113 1697 266 1786 ggtffim
355 1688 376 1752 5
411 1683 607 1752 Tantundem
623 1683 684 1752 erit
700 1684 809 1772 siquis
825 1685 903 1752 falso
920 1689 1102 1774 ¹persuesus
1121 1685 1162 1752 sit
1178 1688 1262 1773 qnod
1284 1688 1380 1776 impe·

276 1794 367 1853 ratur
390 1784 537 1872 injustum
558 1807 635 1851 esse.
687 1786 770 1851 Nam
792 1784 864 1851 hnic
885 1785 1037 1873 tantisper
1060 1807 1099 1851 ee
1117 1807 1168 1852 res
1188 1807 1248 1873 pro
1272 1785 1381 1853 illicita

322 1974 405 2023 ¹Cmn
421 1978 498 2022 mcum
517 1973 606 2022 diceret
624 1974 666 2031 eis,
677 1972 804 2032 producite
838 1972 927 2033 .(Psg.
949 1971 1015 2033 842.)
1046 1972 1198 2033 Augustinus
1222 1973 1337 2033 Epistola
1356 1988 1380 2023 ι..

276 2064 346 2097 arnna
353 2051 378 2096 in
386 2047 547 2108 Christiarms]
557 2050 612 2095 Non
623 2049 686 2094 enim
697 2049 728 2094 nb
738 2047 803 2094 omni
851 2047 882 2093 sd
893 2046 1044 2092 Bonifscium
1054 2046 1141 2092 citatus
1151 2061 1167 2092 e
1177 2047 1297 2093 Gratiano
1308 2063 1381 2096 eeuee

276 2124 299 2169 ri
324 2124 349 2168 in
375 2122 523 2170 Christisnos
545 2122 662 2168 abstinuit
683 2121 802 2178 Julianus,
852 2125 983 2181 x1.quest
993 2121 1031 2167 iii:
1050 2120 1166 2167 Julianus
1176 2122 1380 2182 astitdinjideiie

275 2201 334 2244 tnnc
342 2197 445 2243 maxime
459 2197 500 2242 nbi
510 2196 613 2242 colorem
626 2195 730 2256 aliquem
745 2209 802 2241 nee-
851 2197 987 2256 Imperator
992 2211 1008 2241 .··
1017 2209 1092 2242 nonrse
1101 2196 1192 2242 exstitit
1205 2201 1320 2256 apem
1332 2199 1381 2244 ini.

274 2275 314 2318 tus
323 2271 511 2318 slblvldebutnr.
541 2270 657 2317 Julianus
669 2269 802 2317 Christiani
849 2268 1180 2331 quusctidoiolatraimiiitcs
1188 2269 1380 2320 Chrietimriccr.

266 2347 395 2408 jaculator
402 2346 525 2402 eccrcihm
531 2346 556 2392 in
565 2346 704 2406 Hieronymi
712 2345 801 2404 scripto
850 2345 942 2391 nicrum
951 2345 1095 2404 Imperatori
1101 2344 1198 2405 infideli,
1207 2346 1250 2391 uhi
1256 2348 1381 2395 micioni

273 2423 304 2468 ed
319 2423 481 2483 Nepotianum
492 2438 499 2468 t
524 2420 651 2481 [Epitaph.
672 2418 801 2479 Nepotian.
850 2420 885 2467 ad
894 2434 991 2466 cumam
1003 2419 1095 2466 Christi
1107 2434 1153 2466 non
1166 2421 1323 2481 aamecehant
1332 2424 1380 2470 nisi

274 2498 345 2545 Tem.
356 2511 374 2546 s.
385 2511 443 2558 pag.
454 2496 484 2544 26
494 2508 518 2543 ο.
532 2495 582 2541 Ed.
592 2493 684 2553 Boset]
695 2499 800 2554 coeptam
850 2494 917 2540 illurn
926 2494 969 2554 qui
983 2494 1009 2540 in
1023 2495 1079 2540 eoeio
1094 2500 1162 2542 erat:
1178 2494 1274 2554 quando
1286 2497 1381 2544 sciehat

273 2572 325 2633 ejus
337 2572 438 2633 imperio
452 2570 587 2617 Antiochia
602 2569 801 2630 persecutionem,
849 2570 952 2617 utidola
961 2570 1061 2615 colerent
1070 2575 1091 2617 et
1101 2571 1273 2631 thurificarent,
1279 2587 1378 2633 propo-

273 2653 299 2695 et
313 2648 427 2708 ,iuvenem
447 2646 567 2706 quendem
592 2649 693 2698 tortum
718 2647 800 2688 nmat
849 2646 934 2692 nohum
944 2645 982 2691 iili
992 2645 1077 2692 Deum.
1104 2632 1378 2708 [Lsudetnslocuhjsm

273 2721 426 2781 Augustinus
436 2719 465 2765 ds
477 2718 580 2764 Oioitats
589 2716 645 2773 Dei,
655 2716 708 2762 Lib.
720 2728 799 2763 xrrn.
849 2733 922 2780 snpra
932 2720 985 2765 Lib.
996 2733 1014 2765 1.
1026 2734 1080 2780 esp.
1091 2720 1125 2767 xi.
1135 2719 1149 2780 ξ
1162 2722 1198 2767 10.
1209 2734 1277 2767 num.
1288 2725 1324 2769 11.
1334 2722 1378 2769 ubi

272 2808 325 2854 esp.
336 2795 374 2841 62.
384 2793 410 2838 in
420 2790 598 2852 martyrologiis
614 2789 728 2836 memoria
737 2790 799 2836 esle-
848 2793 896 2840 rid.
906 2791 971 2853 not]

271 2871 357 2918 bretun·
366 2869 391 2915 S.
403 2865 494 2926 Eliphii
504 2865 571 2912 scoti
584 2869 610 2911 et
619 2864 738 2911 sociorum
748 2864 799 2926 ejus
895 2867 902 2896 ¹
918 2868 1009 2916 Vocem
1026 2870 1092 2916 illam
1105 2870 1178 2930 falso
1194 2870 1285 2928 addidi,
1302 2884 1378 2931 qnam

271 2948 308 2995 33.
325 2960 386 3007 qnos
403 2943 518 2992 Julianus
535 2941 599 2989 inter
614 2941 753 2988 Tnllensem
773 2946 799 2989 et
848 2944 968 2991 sententia
977 2945 1105 2991 manifesto
1113 2944 1228 3005 postulet,
1235 2946 1283 2991 etsi
1289 2946 1314 2991 in
1323 2960 1377 2992 om-

273 3022 437 3070 Greudeneem
461 3018 581 3065 civitatem
602 3016 716 3064 decollari
733 3017 798 3064 feeit.
846 3019 916 3065 nibus
927 3018 1157 3066 Edtnontbmdent.
1187 3018 1257 3067 Η.

272 3097 335 3145 Vide
361 3100 387 3143 et
410 3095 531 3144 ioannem
559 3092 738 3139 Antiochorum
771 3091 796 3137 ln
890 3104 910 3128 n
924 3092 1090 3152 impunitatem
1104 3094 1232 3140 concedunt
1245 3093 1377 3141 ohedienti-

271 3171 390 3232 excerptis
410 3184 440 3217 ex
468 3166 632 3226 manuscripto
650 3164 796 3213 Peireeieno.
847 3165 902 3227 hue]
920 3167 1104 3228 chrysostomus
1119 3168 1149 3213 de
1162 3167 1323 3216 Prouidentia
1335 3182 1377 3216 ιιι.

580 3311 842 3319 ——-—-—.—-.--.
848 3310 1056 3317 ...-.--..

270 3416 396 3490 perform
410 3411 492 3470 other
506 3414 630 3487 military
641 3414 740 3480 worhs,
754 3416 807 3471 but
825 3417 908 3471 could
923 3422 974 3471 not
988 3415 1024 3471 be
1039 3415 1195 3488 compelled
1209 3421 1240 3470 to
1258 3417 1318 3489 pile
1335 3435 1376 3492 up

270 3502 350 3558 earth
365 3507 396 3556 to
410 3506 517 3556 restore
532 3500 581 3556 the
595 3502 701 3573 temple
713 3502 747 3556 ef
758 3502 850 3556 Belus.
877 3502 936 3557 But
950 3518 990 3556 we
1004 3501 1075 3556 have
1089 3519 1108 3555 n
1121 3501 1211 3556 closer
1222 3504 1376 3574 exception

270 3590 299 3642 in
311 3588 360 3641 the
371 3586 489 3641 Theben
502 3586 596 3657 legion
608 3588 699 3641 under
710 3588 729 3641 J
731 3587 815 3653 ulien,
827 3587 889 3642 who
903 3604 977 3643 were
987 3588 1099 3659 sitting,
1110 3603 1140 3641 us
1150 3587 1288 3642 Ambrose
1300 3604 1376 3662 says,

269 3679 299 3727 te
320 3687 370 3724 use
387 3670 462 3725 their
477 3687 551 3724 arms
574 3671 619 3725 for
639 3672 688 3726 the
709 3673 798 3737 State,
817 3673 869 3728 but
889 3679 941 3728 not
961 3674 1070 3745 against
1094 3672 1265 3737 christinust
1288 3674 1376 3731 when

269 3754 399 3828 required
411 3760 441 3808 to
456 3753 493 3808 do
507 3753 572 3819 this,
585 3755 654 3826 they
667 3755 777 3828 obeyed
788 3757 837 3812 the
846 3759 923 3829 King
937 3758 970 3813 oi
980 3758 1097 3822 heaven,
1111 3765 1162 3813 not
1175 3757 1225 3812 the
1239 3775 1376 3831 emperor

268 3841 303 3898 ef
313 3839 402 3898 earth
441 3839 480 3895 So
491 3856 533 3894 we
548 3840 615 3895 read
627 3840 698 3907 thet,
711 3842 745 3896 of
756 3842 805 3897 the
819 3843 936 3900 soldiers
951 3843 1043 3899 whose
1061 3844 1140 3898 office
1153 3844 1177 3899 it
1194 3859 1249 3898 was
1261 3849 1293 3899 to
1305 3863 1375 3903 exe·

268 3935 333 3986 cute
347 3927 397 3984 the
411 3925 594 3992 condemned,
614 3927 695 3983 those
711 3927 774 3984 who
785 3928 842 3984 had
854 3930 926 3986 been
941 3930 1090 3985 eonverted
1109 3929 1175 3984 died
1189 3929 1287 3984 rather
1301 3931 1375 3989 then

268 4017 315 4089 luy
326 4014 401 4070 their
411 4004 501 4069 hands
514 4028 551 4068 on
565 4013 615 4069 the
628 4014 790 4071 Christiane.
1237 4008 1241 4015 ’

322 4107 339 4155 6
361 4099 422 4155 'l'be
437 4099 497 4154 rnle
512 4099 535 4152 is
550 4098 696 4165 thereme,
710 4101 737 4154 if
747 4118 803 4172 any
814 4118 869 4156 one
882 4102 919 4156 be
929 4101 1029 4175 salsely
1040 4100 1196 4173 persuaded
1210 4100 1274 4156 thet
1295 4101 1375 4160 sehet

268 4188 291 4242 is
308 4185 493 4242 commended
513 4185 537 4238 ie
557 4187 661 4256 nnjust.
693 4186 755 4241 The
772 4187 853 4258 thing
871 4187 894 4241 is
913 4187 1045 4242 unlawsul
1064 4188 1109 4242 fer
1126 4188 1194 4252 him,
1208 4203 1239 4242 as
1253 4188 1326 4261 long
1340 4206 1375 4248 ss

266 4272 304 4328 ho
318 4272 423 4327 retains
435 4271 498 4327 that
509 4271 632 4342 opinion,
643 4288 673 4326 ns
688 4289 805 4344 appears
817 4272 855 4345 by
866 4271 941 4328 what
952 4273 975 4327 is
987 4272 1048 4327 said
1059 4273 1157 4328 above.

319 4358 370 4413 IV.
405 4364 419 4412 1
443 4358 501 4412 But
511 4355 536 4409 il
545 4356 594 4411 the
610 4356 718 4427 subject
736 4358 839 4413 doubts
850 4358 977 4414 whether
992 4359 1042 4414 the
1059 4364 1163 4415 matter
1176 4358 1212 4414 be
1224 4359 1324 4417 lnwfnl
1338 4377 1375 4418 or

266 4447 326 4508 not,
339 4448 415 4498 must
428 4441 465 4498 be
477 4442 583 4497 romain
598 4444 720 4515 quieter
731 4443 804 4518 obey
817 4439 885 4515 [und
899 4445 980 4502 essist
997 4445 1027 4500 in
1046 4439 1134 4514 wari]
1165 4445 1242 4502 Most
1259 4448 1374 4505 writers
