3000 5062
280 279 346 347 336
726 288 778 343 DE
800 288 940 344 POENlS.
1231 342 1234 347 ,
1260 278 1338 351 [Lm
1353 282 1394 338 11.

281 456 383 522 dicum
400 459 565 542 potestate,
582 459 615 518 et
637 473 716 538 quos
730 474 793 518 non
809 451 959 539 potuisset
975 450 1080 519 verbis
1096 450 1254 528 inducere,
1273 473 1330 516 eos
1347 451 1392 530 ri,

281 553 392 641 plagis,
410 553 648 638 carceribusque
663 551 705 617 ad
720 573 753 616 se
770 552 956 638 pertrahere
971 551 1187 617 anniteretur:
1211 563 1312 634 atque
1327 554 1393 628 ita,

282 652 392 738 inquit,
421 655 562 737 seipaam
587 673 687 736 quam
714 673 778 715 noa
804 653 849 716 ait
866 652 941 735 piu,
968 673 1026 716 aee
1047 652 1115 716 Dei
1136 651 1261 716 cultrix
1281 654 1395 716 maui-

274 753 393 837 ferrat,
412 750 580 837 respiciens
602 749 634 814 ni
656 748 748 814 iallor
770 748 812 814 ad
836 748 913 814 illud
934 749 1018 834 quod
1034 749 1150 838 legitur
1166 748 1259 815 ¹’Gal
1277 748 1318 813 iv.
1337 751 1393 815 29.

286 850 407 916 Similia
422 850 520 915 habet
543 847 684 913 Hilarius
706 847 847 913 oratione
868 847 910 913 ad
931 847 1157 914 Constantium.
1207 848 1269 912 ‘¹In
1288 848 1394 914 Gallia

280 948 348 1036 jam
375 949 448 1014 olim
476 947 616 1014 damnali
642 954 714 1011 sunt
738 945 874 1011 ccclesia
896 946 1013 1033 judicio
1040 945 1186 1033 Episcopi
1213 946 1268 1032 qui
1295 956 1334 1012 nt
1360 947 1393 1013 in

285 1046 535 1113 Priscillianistas
566 1045 672 1135 gladio
705 1044 1009 1110 animadverteretur
1045 1054 1252 1122 curaverant;
1290 1054 1325 1111 et
1358 1045 1393 1111 in

284 1147 406 1212 oriente
433 1146 582 1211 damnata
610 1143 757 1230 Synodus
782 1165 853 1230 quae
879 1143 911 1207 in
936 1143 1090 1232 Bogomili
1106 1144 1302 1209 exustionem
1317 1166 1393 1210 eon·

285 1252 435 1310 senserat.
462 1243 628 1329 Sapienter
641 1242 720 1307 dixit
733 1242 833 1318 Plato,
846 1242 1000 1309 rerrantis
1011 1264 1134 1329 poenam
1147 1264 1224 1319 esse,
1238 1242 1374 1308 ⁴doceri.

362 1343 416 1407 Ll.
469 1344 489 1406 1
524 1339 663 1406 'Justius
687 1339 732 1404 illi
758 1340 928 1427 punientur
955 1340 1009 1426 qui
1039 1341 1072 1405 in
1103 1363 1166 1421 eos,
1197 1363 1276 1428 qnos
1304 1343 1392 1408 Deos

285 1447 407 1527 putant,
424 1439 632 1505 irreverentes
652 1446 747 1524 atque
771 1438 937 1529 irreligiosi
959 1447 1041 1505 sunt
1089 1438 1194 1526 Atque
1211 1441 1283 1506 haeo
1297 1462 1393 1507 eausa

286 1633 365 1680 πόλει
375 1633 416 1681 seul
427 1632 498 1694 χώρᾳ
506 1631 669 1693 εἰργάσαντο,
674 1630 744 1679 sibl
749 1631 814 1678 πολ·
863 1632 1000 1692 eedpmra
1013 1633 1080 1679 raaia
1094 1633 1201 1682 corallis
1214 1636 1341 1683 scalares
1348 1636 1393 1695 ju-

286 1710 356 1757 hcir·
376 1710 501 1756 Veritatem
514 1709 619 1755 docentes
635 1713 728 1765 ruant,
743 1721 816 1766 aeque
863 1708 927 1753 dioec
946 1708 1040 1764 mune,
1059 1713 1086 1754 ut
1105 1723 1185 1755 comm
1203 1710 1303 1756 demnis
1321 1717 1394 1773 atque

286 1785 364 1830 verbis
378 1789 489 1841 amat,
503 1784 546 1829 sed
556 1783 628 1843 odila,
639 1783 714 1837 bellis,
726 1782 817 1842 gladiis
863 1783 1036 1829 execrationibus
1049 1783 1155 1830 haeretiei
1166 1784 1264 1830 urbibus
1274 1786 1393 1845 pellereu⁸

287 1859 386 1905 trudunt
399 1864 461 1905 recte
471 1859 593 1904 sontiates
602 1874 609 1903 :
621 1858 719 1903 erilium
729 1857 816 1916 quippe
864 1863 910 1904 tur.
928 1858 993 1918 (Lib.
1004 1872 1033 1905 rr.
1049 1873 1070 1906 c.
1085 1860 1133 1918 47.)
1148 1860 1222 1907 biox:
1237 1862 1312 1908 secuti
1321 1863 1394 1908 eliasu

281 1930 697 1989 jnmncnani,eedmuleisurbibue
712 1930 816 1990 reques-
864 1920 1393 1997 emmerammum

287 2007 375 2066 busque
388 2009 495 2053 attulere.
520 2006 560 2053 De
570 2005 670 2052 Talibus
682 2004 815 2065 Gregorius
863 2010 1394 2071 pummetudiumiaeepugrmsdirbaeretieie

288 2082 415 2141 episcopua
425 2082 549 2127 Romanus
563 2081 594 2126 ad
610 2079 814 2138 Constantinopo-
864 2099 909 2130 mn
924 2084 1121 2143 reprenendam,
1135 2086 1158 2130 η·
1177 2098 1223 2130 ‚m
1242 2085 1323 2131 maso
1343 2087 1394 2132 m.

287 2155 389 2201 litanum
410 2156 565 2215 episcopum:
588 2153 654 2212 (Lib.
676 2165 705 2199 ιι.
721 2153 775 2197 lud.
792 2154 816 2199 2.
864 2160 932 2205 cendi
943 2160 1001 2218 plus
1016 2175 1087 2220 quam
1103 2162 1243 2220 oportum
1256 2167 1394 2211 mmm,

287 2229 335 2288 Ep.
346 2232 399 2289 52.)
412 2230 485 2276 Noua
494 2235 516 2275 et
526 2229 638 2275 inaudita
647 2231 681 2274 eet
695 2227 744 2273 isla
750 2239 815 2285 proe-
864 2233 901 2281 Ac
915 2248 968 2280 m
982 2235 1076 2294 quidem
1088 2237 1201 2282 mimia
1213 2241 1255 2293 m,
1269 2237 1330 2283 mihi
1344 2242 1394 2283 ιω.

288 2305 386 2362 dicatio,
408 2320 461 2366 qoem
487 2304 621 2351 uerberibus
645 2303 719 2362 exigit
732 2301 816 2362 fidon.
864 2317 994 2364 remquam
1003 2311 1153 2352 armaturea
1164 2306 1297 2366 displicere.
1313 2308 1393 2367 (ibid.

289 2379 366 2441 [hiala
376 2380 472 2439 quidem
483 2383 586 2438 egerunt
600 2377 699 2424 Ariani:
716 2377 757 2422 sed
768 2390 815 2421 non
865 2378 942 2439 cbo.)
959 2380 1059 2426 Postsar
1074 2380 1198 2427 Martinus
1207 2382 1274 2441 apud
1282 2382 1395 2429 Μίνω

287 2456 359 2514 primi
370 2460 419 2500 tam
432 2454 521 2499 malum
532 2454 668 2512 exemplum
683 2453 817 2498 ediderunt.
865 2454 1002 2499 emutilatus
1010 2468 1056 2500 nors
1064 2454 1184 2501 desinebat
1193 2456 1318 2516 increpm
1324 2458 1395 2504 leta-

288 2529 345 2575 Jam
357 2533 428 2573 antea
442 2527 585 2583 Orthodoxi‚
596 2528 627 2572 ad
642 2541 682 2573 eos
696 2526 817 2573 vexandos
865 2528 926 2575 dum
934 2533 960 2574 ut
968 2528 999 2574 ab
1009 2529 1299 2577 accusationedesieteret:
1317 2532 1396 2578 Mae·-

288 2604 438 2663 impulcrant
454 2602 648 2658 Constantinum,
664 2606 692 2647 ut
707 2614 736 2646 ex
755 2600 816 2646 His·
865 2603 936 2647 imum
947 2616 1026 2659 crare,
1035 2604 1184 2663 utempur'ue
1193 2603 1323 2664 infelicium
1338 2606 1395 2652 abe·

288 2678 354 2723 toria
365 2676 540 2721 Ecclesiastico
550 2679 652 2720 constat.
682 2674 712 2720 J.
721 2673 768 2733 R]
865 2676 964 2731 tineret3
979 2677 1040 2722 satir
1053 2690 1168 2736 superque
1182 2678 1289 2739 sufficere
1302 2684 1330 2724 ut
1343 2681 1395 2740 epi-

334 2757 346 2790 r
363 2748 420 2795 Gal.
433 2748 464 2793 io.
474 2746 524 2807 aa]
540 2748 581 2793 Ad
593 2761 664 2806 qnam
675 2747 755 2792 locum
763 2747 817 2794 vide
864 2751 957 2810 scopuli
965 2752 1078 2797 seatmtia
1087 2750 1302 2808 boemieijudicati
1311 2752 1398 2801 Eccle-

289 2823 470 2882 Hieronymum,
480 2821 581 2867 citatum
592 2835 615 2868 c.
626 2821 667 2880 qni
677 2821 817 2881 secundum,
865 2826 1066 2885 dispellerentur.
1096 2826 1160 2875 Vide
1169 2832 1195 2873 et
1204 2829 1340 2888 wqucnda,

289 2902 326 2947 13.
337 2911 409 2944 causa
418 2908 500 2944 xxm.
511 2901 596 2956 quast.
607 2896 638 2941 iv.
912 2900 1052 2947 'Enarrtis
1062 2914 1156 2961 poeaaar
1171 2915 1227 2960 esse,
1241 2901 1334 2963 doeen‘]
1350 2905 1396 2951 Ss-

333 2974 390 3020 elu
402 2972 488 3019 Gallia
497 2971 552 3029 jasa
565 2972 622 3018 olim
631 2970 739 3017 darem
752 2969 816 3030 eunt]
866 2989 926 3022 neca
950 2975 976 3020 in
995 2974 1127 3036 hagoedta
1145 2974 1229 3035 (Here.
1248 2975 1309 3024 libr.
1332 2993 1396 3029 vers,

290 3053 409 3113 Sulpicius
427 3050 542 3098 Severus:
567 3056 615 3097 tuor
638 3064 693 3096 oero
718 3049 818 3096 Idaciue
866 3048 952 3110 mun:

289 3135 361 3189 atque
369 3129 478 3176 Itbacius
488 3129 569 3175 acrius
585 3129 681 3184 instare,
695 3127 817 3172 arbitran-
890 3125 1021 3172 Quinem
1028 3133 1120 3172 unam
1127 3124 1357 3167 soelarhsrrorieadit?

290 3209 401 3265 lupone
413 3205 475 3251 inter
487 3204 559 3250 initia
573 3203 661 3250 malum
676 3200 815 3263 comprimi:
866 3202 892 3246 et
901 3197 930 3243 de
938 3197 985 3243 Ira
995 3209 1013 3243 v.
1023 3198 1061 3244 14.
1073 3210 1120 3243 sca
1131 3198 1296 3258 estprudeatr'e
1308 3213 1395 3247 man.

290 3458 321 3511 in
342 3456 392 3512 the
407 3455 524 3526 judicial
538 3471 633 3527 power
650 3454 760 3524 against
779 3451 855 3507 their
872 3447 1061 3511 adversariam
1084 3446 1148 3502 This
1166 3446 1306 3513 stemaha
1320 3464 1397 3520 says,

292 3545 350 3596 slot
371 3543 439 3595 their
459 3558 521 3610 way
541 3541 564 3593 is
585 3548 633 3592 aot
650 3540 749 3608 picus,-
778 3537 925 3606 referring,
946 3533 1068 3594 Ithini,
1087 3538 1117 3588 to
1140 3533 1202 3587 Gal.
1223 3534 1258 3587 ir.
1277 3538 1327 3588 29:
1354 3535 1397 3589 Aa

292 3628 361 3688 rien,
375 3627 405 3678 bs
419 3626 477 3678 ttae
490 3642 547 3678 was
558 3626 627 3678 born
644 3625 717 3695 after
731 3625 772 3676 tle
785 3623 854 3691 fles
865 3620 1017 3691 perseeuted
1029 3619 1085 3671 lss'm
1099 3620 1157 3672 tleat
1168 3636 1225 3672 wne
1239 3620 1306 3673 born
1317 3623 1398 3691 aster

292 3712 333 3763 tte
344 3710 432 3778 spirit,
444 3725 505 3761 even
515 3725 544 3761 eo
557 3709 613 3761 itis
627 3725 695 3760 now.
727 3708 763 3760 In
777 3706 860 3769 Gaul,
872 3706 921 3760 the
933 3704 1046 3775 bishops
1057 3720 1131 3758 were
1142 3704 1317 3759 condemned
1329 3705 1395 3761 vvho

291 3793 360 3848 used
376 3792 424 3846 tho
439 3791 530 3846 swerd
544 3794 653 3863 against
667 3790 716 3847 the
731 3791 951 3855 Priscillianists;
965 3790 1020 3844 aud
1036 3789 1065 3842 in
1079 3789 1129 3844 the
1144 3796 1213 3854 east,
1230 3789 1280 3843 the
1295 3790 1396 3861 Synod

291 3878 382 3934 which
396 3877 499 3950 agreed
513 3885 544 3933 to
559 3877 608 3933 the
626 3877 747 3949 buming
766 3877 800 3931 oi
810 3875 981 3948 Bagomilus.
1013 3873 1110 3940 (Plato
1129 3892 1192 3947 says
1212 3874 1314 3946 wisely,
1329 3875 1396 3932 that

292 3967 342 4022 the
368 3982 472 4037 proper
496 3963 678 4037 punishment
701 3964 735 4018 oi
754 3962 814 4016 him
839 3962 902 4017 who
928 3963 952 4016 is
977 3962 1103 4032 wrong*,
1128 3961 1152 4016 is
1174 3968 1205 4016 to
1227 3961 1264 4016 be
1291 3958 1403 4034 taught'

292 4052 391 4124 right).

347 4139 396 4192 LI.
430 4141 444 4192 1
458 4137 551 4192 These
566 4135 676 4208 maybe
687 4153 766 4190 more
776 4136 865 4207 justly
877 4132 1016 4205 punished
1029 4132 1091 4189 who
1106 4148 1155 4187 are
1169 4133 1326 4188 iuraverant
1337 4132 1396 4187 and

294 4224 452 4295 irreligione
465 4223 587 4278 towards
602 4221 683 4277 those
697 4221 790 4278 whom
804 4222 872 4293 they
886 4221 995 4275 believe
1009 4224 1040 4272 to
1054 4219 1091 4274 be
1108 4218 1187 4290 gods.
1227 4218 1295 4273 This
1309 4235 1396 4273 cause

292 4327 396 4381 among
410 4309 505 4364 others
525 4326 580 4363 vvas
598 4308 727 4364 adduccd
744 4308 789 4363 ior
808 4307 858 4361 the
876 4305 1103 4378 Peloponuesian
1123 4321 1181 4359 war
1196 4304 1326 4361 between
1344 4303 1396 4361 the

615 4432 629 4457 ⁸
644 4431 715 4478 Plato
725 4445 788 4492 says,
797 4431 969 4491 ofipnoranee.
1000 4427 1068 4476 Mi.
