3000 5062
119 312 190 367 (lar.
203 309 330 379 xxvi]
364 312 417 365 DE
440 311 576 367 cnusls
597 311 728 367 JUSTIS
750 312 804 367 UT
825 311 992 377 BELLUM,
1012 311 1096 366 Ere.
1158 304 1221 367 449

119 480 177 550 est,
195 471 342 559 quamdiu
359 494 428 538 eam
445 472 618 560 opinionem
635 495 698 540 non
711 482 813 562 potest
830 477 1004 564 deponere:
1021 485 1058 544 ut
1073 498 1113 543 ex
1128 498 1223 566 supra

119 572 262 639 tractetis
277 579 420 658 apparet.

196 672 253 737 IV.
298 673 318 735 1
355 670 447 748 Quod
463 670 490 736 si
504 671 635 747 dubitet,
653 693 704 737 res
718 671 802 738 licita
818 673 859 739 sit
879 696 985 751 necne,
1004 675 1104 741 eritne
1121 674 1221 761 quies-

119 770 252 835 cendum
281 791 323 833 en
352 770 550 855 parendum?
615 772 793 836 Parendum
821 772 961 858 plerique
990 782 1135 839 censent:
1165 796 1222 839 nec

120 869 246 933 obstare
262 866 338 932 illud
355 867 524 944 laudatum,
545 870 637 948 Quod
654 870 776 935 dubites
792 893 832 935 nc
847 871 977 938 feceris:
993 872 1066 957 quia
1082 871 1135 957 qui
1151 894 1222 936 con-

120 967 300 1054 templative
316 966 439 1032 dubitat
455 976 558 1053 potest
577 968 680 1033 activo
693 968 808 1054 judicio
831 992 894 1033 non
911 970 1073 1036 dubitare:
1094 970 1222 1035 credere

120 1065 204 1130 enim
219 1074 320 1151 potest
338 1065 371 1129 in
387 1086 422 1129 re
436 1065 530 1131 dubia
547 1067 777 1152 obsequendum
793 1069 954 1154 superiori.
997 1071 1039 1134 Et
1056 1091 1129 1133 sene
1147 1068 1222 1154 quin

121 1164 188 1229 haec
204 1164 359 1230 distinctio
370 1163 479 1251 judieii
496 1164 626 1250 duplicis
638 1166 671 1229 in
684 1164 787 1230 multis
799 1166 970 1233 actionibus
981 1167 1079 1232 locum
1095 1168 1220 1244 habeat,

121 1263 231 1351 negari
247 1286 310 1327 non
327 1272 437 1350 potest
480 1264 561 1328 Jura
578 1263 689 1341 civilia,
709 1286 772 1328 non
788 1267 999 1333 Romanorum
1017 1274 1147 1342 tantum,
1166 1266 1222 1332 sed

121 1370 155 1426 et
171 1361 301 1427 aliarum
324 1363 473 1449 gentium,
494 1362 527 1427 in
548 1362 603 1429 teli
625 1362 853 1430 circumstantie
875 1387 937 1430 non
953 1366 1044 1431 modo
1061 1365 1222 1453 ¹¹¹impuni-

121 1468 219 1524 tatem
235 1463 406 1528 concedunt
423 1461 650 1540 obedientibus,
671 1463 726 1529 sed
746 1472 779 1529 et
798 1464 950 1530 actionem
972 1465 1005 1529 in
1027 1487 1080 1531 eos
1100 1465 1220 1529 civilem

122 1557 286 1646 denegant.
329 1562 362 1623 Is
382 1561 528 1627 damnum
550 1563 614 1637 dat,
638 1562 735 1637 aiunt,
758 1562 811 1646 qui
827 1563 918 1646 jubet
940 1564 1030 1627 daret
1054 1562 1121 1647 ejus
1144 1584 1220 1627 vero
1234 1570 1363 1659 &gfff

121 1658 207 1720 nulla
228 1658 319 1741 culpa
335 1666 393 1731 est,
416 1659 464 1722 cui
479 1680 592 1742 parcre
613 1679 737 1723 necesse
759 1667 815 1722 est.
862 1659 1038 1723 Necessitas
1059 1659 1222 1745 potcstatis
1234 1661 1384 1745 l'tffngss·

121 1763 258 1828 excusat,
275 1763 307 1817 ct
321 1753 441 1817 similia.
1234 1751 1380 1843 llalffitt'lt

198 1854 219 1917 2
254 1853 326 1937 Ipse
343 1850 527 1917 Aristoteles
543 1854 832 1921 Illiccmeclticrum
850 1854 971 1940 quinto,
988 1854 1037 1921 his
1054 1854 1107 1941 qui
1128 1854 1223 1941 injus-
1235 1842 1377 1935 illabili:

1234 1934 1352 2016 letetu-

121 2047 216 2095 πολλοὶ
227 2048 290 2107 γοῦν
301 2042 431 2106 ἀρχόντων
442 2044 484 2090 ἐπὶ
496 2044 582 2103 φόνοιο
593 2044 647 2090 α’ὀί-
695 2046 757 2090 niltil
771 2046 903 2105 deliquisse,
918 2046 961 2106 qui
972 2044 1064 2091 demine
1074 2043 1166 2101 jubenti
1181 2045 1222 2091 ob·
1234 2034 1276 2107 ΜΞ]
1287 2024 1356 2113 'iffi

121 2141 175 2169 stete
199 2122 422 2181 κατηγορηθέντος,
450 2120 520 2173 δίκην
548 2120 648 2165 ἔδοσαν·
695 2121 838 2178 temperavit.
870 2121 924 2167 Lib.
942 2124 965 2168 2.
986 2121 1018 2165 D.
1039 2120 1069 2165 cle
1084 2120 1151 2167 Not.
1169 2122 1221 2167 Act·
1235 2107 1375 2199 Hb'l'pfflffll'gfl·

122 2199 181 2244 'robe
191 2199 217 2244 dl
228 2198 327 2255 demicus
336 2197 395 2241 τοὺς
405 2194 602 2253 διακονουμένους
609 2196 648 2254 τῷ
700 2195 762 2241 l'clle
771 2211 816 2241 nete
823 2198 927 2242 creditur
934 2198 976 2256 qut
983 2197 1117 2256 obsequitur
1123 2197 1222 2255 imperio
1234 2206 1259 2243 ‹lc
1267 2206 1356 2243 teratino

123 2272 193 2332 φόνῳ
211 2275 252 2317 καὶ
271 2271 420 2331 αὐτόχειρας
438 2270 583 2329 γενομένους
602 2272 648 2325 τῆς
691 2271 822 2330 palrieetl
831 2271 927 2317 demitti.
958 2271 987 2317 L.
997 2274 1020 2316 4.
1031 2272 1062 2317 D.
1080 2270 1110 2315 de
1123 2271 1222 2329 Regalis
1233 2252 1389 2335 myopfflf'

123 2351 235 2407 σφογῆο,
251 2346 301 2392 οὐδ’
318 2348 352 2392 cle
368 2346 528 2403 δικαστήριον
545 2345 647 2391 ἑλκύσαι
689 2345 764 2402 June,
780 2351 805 2390 ct
820 2345 853 2390 ibi
866 2346 987 2405 Cujncius.
1017 2346 1121 2391 Seneca:
1138 2345 1167 2389 Ire
1181 2360 1221 2390 eo·
1235 2306 1361 2425 {llblbfflp

122 2436 170 2473 τις,
185 2417 245 2463 ἀλλ’
255 2418 309 2463 οὐδὲ
319 2416 426 2475 ζητήσαι
440 2416 486 2470 τὴν
501 2416 589 2477 ἀρχήν,
603 2420 650 2472 τῆς
697 2420 756 2465 terete
772 2422 896 2466 necessitas
911 2436 956 2465 non
975 2426 1015 2466 est.
1056 2420 1150 2478 (Epist.
1167 2420 1221 2476 bl.)
1237 2398 1259 2470 1,¹
1262 2414 1280 2470 ,J
1290 2390 1374 2477 luite&

123 2492 232 2552 ἀνάγκης
250 2494 311 2551 ὑπὲρ
333 2495 415 2537 αὐτῶν
433 2492 648 2551 ἀπολογουμένην,
697 2496 769 2540 Atltle
783 2495 862 2553 legem
873 2495 1079 2554 Longobartlicnm
1094 2494 1146 2539 Lib.
1156 2508 1173 2540 1.
1184 2494 1222 2539 tit.
1236 2478 1324 2562 ffl'f'l'
1332 2478 1364 2517 m·

122 2569 165 2613 καὶ
178 2568 224 2613 τοῦ
239 2571 285 2623 τῆς
297 2567 377 2627 ἀρχῆς
391 2567 534 2627 ἀξιώματος
548 2568 589 2614 καὶ
603 2569 649 2615 τοῦ
697 2571 834 2631 iv.oop.11.
861 2569 1015 2615 Mithridates
1025 2569 1124 2614 libertos
1136 2568 1223 2625 Attihi,
1236 2570 1285 2619 Cup·
1296 2570 1324 2608 ¹2·

122 2644 168 2698 τῆς
184 2643 315 2703 ὑποταγῆς
331 2644 422 2703 φόβου·
442 2644 510 2690 multi
523 2658 583 2703 supe
597 2659 649 2690 ma-
697 2647 804 2692 conseios
815 2646 885 2691 caudis
895 2645 920 2689 in
931 2643 1225 2703 senogitnttc,impunites

121 2719 263 2779 gistratum
282 2720 311 2764 ob
330 2719 432 2776 injustas
451 2719 524 2765 eccles
543 2719 650 2766 accusati
697 2723 793 2778 dimisit,
809 2726 833 2767 et
844 2721 896 2781 ejus
906 2720 948 2780 qui
958 2734 973 2765 e
984 2734 1010 2766 se
1025 2721 1145 2766 defecerat
1155 2719 1224 2767 lilios.

119 2809 204 2853 μανον
214 2796 333 2841 dederunt.
360 2796 651 2856 Alcamificcsquicoedi
699 2796 790 2858 [Immo
794 2797 848 2856 filii
858 2798 955 2842 etnicos.
985 2796 1045 2855 Peg.
1056 2798 1110 2841 241.
1129 2793 1225 2841 hali.

122 2870 283 2926 ministerium,
297 2872 339 2929 pret
352 2885 569 2928 martuumopernnt
582 2886 648 2928 prce·
698 2873 778 2931 sept.
789 2878 814 2916 et
824 2886 881 2929 pag.
889 2870 953 2929 m]
985 2872 1113 2929 Appiunus
1127 2870 1224 2915 hlithn'·

123 2943 198 2996 buere,
214 2957 278 2986 tremo
288 2944 313 2986 in
323 2942 367 2997 jus
379 2945 505 2997 vocnt-erit,
521 2944 567 2987 imo
577 2944 606 2988 dc
619 2944 650 2987 iis
698 2946 783 2989 datico.
811 2944 945 2987 Absolutus
956 2944 1066 2988 Tiberius
1078 2944 1200 2988 Gracchus
1210 2957 1225 2987 n

122 3030 152 3062 ne
166 3015 286 3075 quesierit
300 3014 408 3073 quidem.-
424 3020 521 3060 excrescat
536 3017 596 3058 enim
611 3028 651 3060 ecs
698 3018 770 3074 culpa
780 3016 922 3060 Numantini
937 3015 1041 3071 tenderis,
1054 3016 1166 3073 quonium
1179 3016 1224 3060 all-

99 3090 248 3137 'necessitas
257 3103 286 3135 cr
296 3090 412 3148 diurnitate
420 3089 525 3144 jubentis
534 3094 555 3134 et
565 3104 594 3134 es·
602 3102 649 3147 pa·
698 3104 744 3135 eno
769 3090 869 3147 imperio
893 3093 1041 3147 peccaverat.
1085 3087 1222 3147 (Plutarch.

123 3166 197 3212 sentis
207 3165 297 3209 timore.
327 3163 408 3219 (Tem.
417 3176 453 3207 vr.
465 3165 580 3221 pugeio.
600 3162 650 3209 En.
698 3178 754 3224 pag.
764 3164 816 3220 826,
826 3162 892 3222 827.)

124 3242 212 3299 Sasu.)
229 3242 268 3287 Ex
279 3240 350 3288 Celso
361 3240 486 3297 Ulpianus,
495 3253 594 3295 serrum,
608 3239 650 3295 nit,

123 3489 206 3545 think
225 3488 288 3544 that
301 3488 338 3543 he
352 3488 441 3557 ought
461 3494 491 3542 to
510 3487 591 3557 obey.
626 3486 690 3540 And
710 3486 777 3557 they
790 3485 859 3540 hold
871 3485 934 3540 that
948 3484 997 3539 the
1012 3485 1073 3539 rulo
1089 3484 1157 3539 does
1172 3490 1224 3539 not

123 3576 217 3647 apply,
228 3577 266 3646 Is
276 3593 332 3646 you
342 3576 421 3627 doubt
432 3576 466 3627 do
480 3576 571 3627 hetdo
583 3575 612 3627 it.
639 3574 764 3627 Because
779 3571 815 3627 hc
827 3572 889 3627 who
902 3572 1004 3626 doubts
1016 3570 1224 3641 speculatircly,

123 3678 189 3731 may
203 3668 253 3715 not
268 3661 304 3715 be
323 3662 353 3714 in
365 3660 455 3715 doubt
467 3661 495 3714 in
507 3660 550 3715 his
562 3660 695 3731 practical
710 3659 867 3729 judgment.
905 3659 951 3713 He
967 3676 1031 3729 may
1042 3657 1150 3713 believe
1162 3657 1224 3711 that

123 3746 153 3800 in
162 3764 180 3801 a
188 3747 319 3802 doubtful
329 3754 432 3801 matter
440 3747 476 3803 ho
488 3747 576 3818 ought
585 3753 614 3801 to
626 3747 698 3818 oboy
711 3746 755 3800 his
766 3748 901 3818 superior.
929 3746 993 3800 And
1006 3745 1150 3816 certainly,
1160 3743 1224 3798 that

123 3833 180 3887 this
195 3834 403 3889 distinctiones
414 3851 432 3888 n
452 3835 566 3889 twofold
583 3834 742 3905 judgmont,
754 3850 771 3885 n
786 3833 957 3903 speculative
976 3832 1031 3883 aud
1049 3848 1067 3883 n
1081 3829 1225 3899 practical,

123 3916 205 3969 holds
217 3918 246 3969 in
261 3936 345 3989 many
357 3922 472 3984 actions,
483 3926 586 3974 cannot
597 3919 634 3972 be
646 3917 756 3971 denied.
795 3916 865 3968 Civil
877 3917 965 3977 Laws,
977 3922 1028 3966 not
1039 3914 1120 3966 those
1132 3911 1224 3966 ottho

123 4001 248 4055 Romans
269 4002 345 4071 only,
363 4004 415 4056 but
433 4005 466 4057 of
483 4003 566 4056 other
582 4003 693 4053 eratione
710 3999 778 4061 also,
798 4000 828 4051 in
843 3998 911 4052 such
931 4000 1154 4060 circumstances,
1172 4001 1224 4049 not

124 4084 190 4153 only
202 4092 285 4154 grant
302 4088 441 4157 impunity
460 4093 490 4139 to
510 4086 591 4139 those
608 4085 670 4137 who
685 4085 765 4153 obey,
780 4083 832 4138 but
846 4084 904 4137 aleo
917 4083 1010 4136 rcfuse
1021 4098 1039 4135 n
1050 4082 1114 4135 oiril
1129 4081 1223 4135 action

124 4169 233 4239 against
248 4169 335 4223 them.
373 4170 453 4240 They
471 4188 528 4241 say,
545 4170 582 4223 he
604 4170 671 4223 does
689 4167 738 4222 the
757 4169 875 4239 damage
893 4167 954 4222 who
975 4167 1071 4221 orders
1094 4168 1116 4221 it
1135 4178 1165 4220 to
1186 4164 1223 4219 be

124 4255 215 4319 done;
233 4255 269 4309 ho
285 4256 307 4308 is
320 4257 348 4308 in
363 4271 401 4309 no
415 4255 488 4310 fault
499 4256 560 4308 who
573 4256 595 4307 is
611 4255 722 4324 obliged
735 4260 765 4309 to
781 4253 851 4326 obey
859 4273 868 4319 ς
886 4253 935 4308 the
947 4254 1084 4325 necessity
1095 4250 1223 4322 impoecd

123 4340 162 4412 by
176 4340 319 4410 authority
330 4358 458 4405 excusem
475 4341 531 4395 and
544 4340 592 4395 the
607 4340 672 4395 like.

176 4432 194 4480 2
217 4426 255 4480 So
275 4426 410 4482 Aristotle
427 4434 612 4491 enumeratos,
629 4443 732 4498 among
749 4426 830 4481 those
844 4424 906 4480 who
921 4425 958 4479 de
973 4440 1010 4478 nn
1025 4424 1120 4494 unjust
1133 4422 1223 4494 thing,

225 4584 343 4673 [onor.
358 4588 409 4676 ιο]
1079 4538 1121 4600 29
