3000 5062
134 321 203 378 Cer.
218 317 340 386 xviii]
449 318 500 371 Dll
524 317 781 372 LEGATIONL'M
803 318 909 372 tuns.
1174 308 1234 372 201

134 487 244 553 ditum.
296 487 409 551 Restat
431 482 590 549 veniamus
610 482 652 548 ad
675 481 879 570 obligationes
898 504 975 569 quas
999 483 1099 570 ipsum
1123 502 1181 572 per
1203 507 1237 550 se

130 587 184 674 jus
200 585 277 651 illud
294 583 444 673 gentium,
464 583 546 669 quod
567 581 774 648 voluntarium
798 581 936 660 dicimus,
960 582 1102 650 induxit:
1125 584 1237 669 quoin

134 707 251 775 genere
277 683 481 772 ¹praecipuum
508 690 555 748 est
580 690 674 769 caput
697 681 736 746 de
765 681 837 768 jure
865 681 1067 770 legationum.
1118 684 1237 748 Passim

135 785 216 852 enim
240 784 372 873 legimus
388 803 478 848 sacra
494 781 695 869 legationum,
713 780 963 847 “sanctimoniam
985 782 1170 869 legatorum,
1183 782 1237 869 jus

85 901 91 909 ·
135 884 275 974 gentium
291 882 351 948 illis
368 882 517 958 debitum,
530 880 584 967 jus
606 880 744 945 divinum
762 880 1011 966 humanumque:
1034 890 1173 946 sanctum
1190 881 1237 945 in-

135 995 186 1050 ter
202 992 313 1072 gentes
321 982 374 1069 jus
389 981 588 1070 legationum,
606 978 715 1044 federa
731 988 839 1044 sancta
856 980 1010 1067 gentibus,
1023 980 1112 1045 fedus
1128 980 1237 1045 huma-

135 1104 229 1149 num:
248 1092 355 1148 saneta
371 1102 503 1167 corpora
519 1080 713 1167 legatorum:
735 1078 865 1164 Papinio
882 1080 1060 1163 (Thebaid.
1077 1101 1111 1145 11.
1123 1082 1224 1166 486):

396 1201 532 1254 Sanctum
549 1199 660 1270 populis
681 1215 733 1270 per
751 1199 852 1253 saecula
874 1216 986 1255 nomen.

138 1302 247 1369 Cicero
260 1301 300 1367 de
311 1298 509 1386 haruspicum
530 1296 704 1383 responsis:
732 1298 789 1362 Sic
806 1300 890 1362 enin:
912 1299 1024 1372 sentio,
1040 1298 1100 1382 jus
1118 1302 1237 1386 iegato·
1249 1315 1339 1366 σιμὰ

135 1425 210 1467 rum
239 1424 311 1468 cun:
334 1402 498 1465 bominum
520 1399 681 1482 prasidio
710 1399 880 1473 munitum,
908 1399 1099 1462 tumetium
1124 1403 1238 1467 divino

128 1502 205 1587 jure
222 1502 476 1568 caracallarum.
519 1498 629 1581 ltaque
646 1496 705 1560 hoc
728 1495 843 1561 violare
859 1519 921 1561 non
943 1496 1090 1583 injustum
1115 1509 1238 1566 tantum
1271 1496 1272 1500 ¹

136 1623 212 1678 esse,
243 1593 320 1666 bsed
349 1608 381 1664 et
406 1596 533 1683 impium
559 1594 695 1660 omnium
722 1595 920 1674 confessione,
945 1596 990 1662 ait
1019 1595 1181 1686 Philippus
1205 1600 1239 1664 in

136 1700 268 1788 epistola
284 1700 325 1765 ad
342 1697 557 1764 Athenienses.
1251 1707 1401 1757 semmae

1251 1755 1334 1803 pm.

136 1862 243 1911 timeto.
285 1860 361 1920 Apud
392 1858 519 1920 Papinium
554 1856 608 1904 Lib.
634 1869 663 1902 11.

137 1935 374 1998 (Theb.vere.3i3):

296 2011 489 2059 :unquamne

236 2072 319 2122 me.

139 2154 335 2215 Chrysostomus:
351 2153 392 2199 :cul
403 2152 457 2200 otti
468 2154 515 2200 τὸν
528 2153 610 2199 κοινὸν
624 2152 664 2198 νδ·

137 2246 183 2288 μον
192 2227 342 2288 giddabam,
358 2226 424 2273 tut
438 2228 585 2286 πρεσβεύων
598 2226 664 2273 οὐδέ-

137 2302 309 2363 τοτετάσχιι
321 2320 348 2349 τι
358 2301 442 2349 κακόν·
452 2317 480 2348 ne
490 2301 665 2362 communequi·

138 2377 240 2437 derasae
250 2377 365 2423 hominum
374 2379 469 2424 reveriti
479 2382 539 2434 runt,
554 2377 618 2438 quod
626 2382 664 2422 tu-

139 2458 175 2501 tos
182 2458 280 2512 pretim
290 2453 378 2514 legatos
391 2455 422 2500 ab
432 2455 494 2500 omni
508 2454 578 2500 enula
609 2454 665 2499 Ser·

139 2528 191 2573 vius
209 2528 240 2574 sd
258 2541 298 2575 xr.
313 2529 431 2576 AEneido:
452 2526 613 2591 (vere.101):
634 2527 665 2575 ab

139 2604 202 2650 omni
217 2603 308 2662 irp'uria
326 2605 392 2651 tectis
405 2605 463 2662 jure
481 2606 591 2665 gentium.
627 2603 666 2651 Ne

140 2679 220 2724 omnia
230 2679 284 2725 loos
294 2685 398 2736 anetem,
408 2680 469 2726 adds
479 2679 571 2725 Livium
584 2679 635 2725 Lib.
647 2692 665 2724 r.

139 2752 168 2801 de
195 2754 363 2810 Laurentibus,
398 2754 463 2813 (cap.
488 2753 528 2813 14)
561 2753 665 2800 Diouem

141 2829 337 2888 chrysostomum
348 2829 377 2875 de
386 2829 449 2889 Lege
458 2834 480 2875 et
488 2828 665 2886 Comuetsdine,

140 2903 260 2950 Velleium
286 2904 440 2950 Paterculum
466 2903 535 2949 initio
565 2903 617 2950 Lib.
636 2916 665 2950 11.

140 2978 298 3024 Menandrum
311 2979 484 3031 Protectorem‚
496 2978 568 3037 (Exc.
579 2977 665 3035 Legat.

140 3052 181 3114 19)
201 3053 335 3115 Epistolam
351 3053 438 3099 Felicis
455 3053 486 3098 ad
502 3054 622 3098 Zenonem
641 3052 666 3096 in

139 3129 272 3189 appendice
291 3128 380 3173 codicis
399 3127 559 3173 Theodosteni
577 3126 634 3172 data
652 3139 667 3170 a

141 3203 277 3250 sirmundo.
285 3202 378 3249 Totilas
384 3200 449 3260 apud
456 3200 599 3259 Procopium
609 3199 668 3246 Got-

713 1854 795 1901 dehere
804 1869 852 1902 esse
862 1869 900 1902 eos
910 1857 952 1917 qui
964 1859 1105 1905 mediatore:
1119 1857 1240 1906 hostilium

714 1930 847 1991 efficiuntur
856 1945 983 1978 annorum.
1013 1934 1080 1980 Inter
1089 1948 1159 1980 arma
1175 1948 1240 1979 naru-

714 2005 1161 2068 quesolaleqatiopaeissequeetraert.
1184 2008 1241 2054 Ee·

714 2079 750 2125 rsit
760 2079 846 2125 boetem
855 2082 897 2141 qui
907 2080 1150 2143 iegatiouefimqitur.
1177 2082 1241 2129 Vide
1259 2126 1272 2146 ,

715 2159 740 2200 at
750 2155 896 2201 liudericum
907 2156 931 2201 in
938 2157 1078 2215 appendice.
1095 2157 1241 2205 DePoionie

714 2228 768 2275 ride
785 2229 926 2276 Cromerum
947 2230 1008 2276 libro
1021 2244 1069 2277 xx.
1092 2231 1133 2278 De
1152 2232 1241 2279 ibreio

714 2304 884 2352 Leuneiarium
900 2305 962 2351 libro
978 2319 1036 2353 vrrs.
1053 2311 1078 2353 et
1094 2307 1156 2353 libro
1172 2321 1242 2356 xvir.

715 2381 754 2426 De
768 2379 868 2426 Mauri:
884 2380 1016 2426 Marianam
1031 2381 1153 2428 libroxu.
1172 2385 1241 2431 e.14.

715 2455 801 2517 [Apud
816 2454 950 2502 Varronem
976 2470 1024 2502 uon
1047 2461 1144 2504 exstant
1161 2459 1241 2516 verba,

715 2548 769 2593 quae
788 2537 912 2593 tamquam
932 2547 961 2578 ex
981 2533 1024 2578 illo
1043 2533 1122 2580 adfert
1139 2537 1243 2592 Auctor,

715 2606 778 2651 circa
800 2605 896 2652 initium
918 2605 989 2651 Nota:
1011 2605 1088 2652 istius.
1126 2603 1242 2653 Emonam

714 2681 794 2728 hausit
804 2696 817 2728 e
827 2686 886 2728 nota
897 2681 996 2742 Dionys.
1012 2682 1155 2729 Gothoirodi
1171 2683 1196 2728 in
1212 2683 1243 2732 L.

715 2758 744 2802 17
758 2755 791 2801 D.
811 2754 852 2801 De
862 2755 985 2816 Legation.
1002 2755 1042 2800 ubi
1058 2755 1097 2802 hic
1109 2769 1154 2815 pro
1164 2755 1243 2803 verbis

716 2829 831 2875 Varronis
850 2830 942 2886 laudat,
968 2830 1032 2890 quod
1053 2830 1165 2891 Cujsciue
1183 2831 1243 2877 dicit

718 2905 813 2950 Obseru.
824 2916 873 2950 111.
885 2907 907 2951 ὅ.
920 2911 976 2964 post
984 2905 1115 2952 indicatum
1126 2905 1244 2953 Varronis

715 2979 877 3038 fragmentum
893 2978 1023 3026 eLib.1rr.
1039 2979 1079 3026 De
1092 2979 1147 3026 Vita
1157 2980 1243 3040 popuii

716 3053 785 3097 Rom.
802 3052 867 3111 quod
879 3052 982 3098 servamt
997 3052 1102 3100 Nomos
1118 3054 1243 3100 Mance:-

716 3140 772 3183 nus,
782 3141 807 3185 p.
818 3126 872 3173 629.
889 3125 958 3172 Edit.
964 3126 1068 3174 Mereer.
1097 3129 1172 3188 Apud
1182 3128 1243 3176 Vel·

716 3202 789 3248 leium
801 3200 953 3246 Paterculum
965 3202 1046 3257 etiam,
1058 3202 1113 3248 Lib.
1121 3215 1150 3249 ιι.
1161 3207 1244 3262 ωρ.2.

140 3280 255 3326 tticorurn
270 3289 310 3323 111.
336 3277 401 3321 πᾶσι
416 3275 470 3334 μὲν,
486 3276 518 3320 «ie
532 3275 576 3320 lert
592 3273 668 3320 πλεῖ·
716 3276 793 3331 initio,
803 3273 862 3319 nihil
872 3275 981 3334 estquod
991 3275 1038 3320 huc
1049 3275 1136 3332 iaciat:
1145 3280 1170 3321 et
1177 3277 1244 3322 Aue·

141 3371 205 3401 στον
215 3354 305 3409 elusio,
321 3351 393 3409 copo:
402 3348 546 3409 βαρβάροις,
561 3348 594 3394 τὸ
606 3351 667 3409 χρῆ·
717 3350 810 3409 toripsa
818 3348 1246 3409 loeumillum,juxtsrerumsensum,

140 3446 175 3487 μα
191 3429 243 3472 τῶν
257 3423 389 3484 τρεσβέων
404 3423 496 3482 σέβοιν·
516 3423 628 3481 mitae,
643 3427 669 3469 ui
717 3438 791 3484 supra
800 3423 896 3480 adtulit,
911 3437 964 3485 cap.
976 3440 1015 3473 xv.
1025 3424 1040 3485 ξ
1052 3424 1090 3472 ld.
1100 3438 1166 3470 num.
1180 3427 1202 3470 2.
1219 3425 1245 3472 in

141 3501 269 3562 generatim
281 3501 374 3560 loquor,
389 3499 501 3545 barbarie
517 3513 566 3545 enos
578 3497 669 3558 iegato:
717 3500 772 3545 fine.
794 3500 874 3546 Locus
884 3497 1005 3546 Ciceronis
1014 3514 1061 3546 non
1068 3504 1105 3547 eet
1112 3515 1141 3546 ex
1149 3500 1245 3548 Verrin.

142 3577 259 3624 mari.
280 3576 356 3636 (Cap.
364 3575 417 3633 16.)
443 3574 512 3620 Idem
521 3575 551 3620 da
561 3573 669 3619 barbaris
718 3575 811 3622 111.sed
823 3574 898 3621 eLih.
910 3587 929 3621 r.
939 3574 964 3621 in
975 3574 1045 3622 Verr.
1059 3577 1124 3622 e33.
1136 3574 1246 3636 etprima

142 3651 203 3698 dixit
219 3649 439 3711 Scainahurgensis.
470 3650 596 3696 Aimonius
616 3649 668 3710 regi
718 3651 789 3696 etiam
808 3652 859 3711 ejus
876 3651 949 3697 verba
965 3651 1044 3712 petita
1059 3657 1158 3699 suntsx
1176 3650 1245 3698 Orat.

143 3728 271 3775 Clodovaeo
285 3727 336 3773 haee
350 3727 415 3773 diets
423 3725 522 3773 tribuit:
538 3725 579 3772 Ad
592 3731 671 3771 extre·
717 3725 757 3773 De
767 3727 898 3787 Haruepie.
910 3727 1025 3787 Respone.
1036 3742 1088 3789 cap.
1096 3728 1132 3776 16.
1163 3725 1245 3787 J.B.]

141 3819 201 3850 mrem
209 3819 256 3864 pro
265 3803 353 3849 divinis
362 3801 433 3848 mmai
444 3801 597 3861 iubemusque
607 3801 668 3862 lepi-
763 3802 774 3835 i
790 3802 838 3849 Sed
847 3809 869 3849 et
880 3801 989 3864 impium]
1000 3802 1094 3863 Ἔργον
1103 3800 1201 3863 cicadis,
1211 3803 1247 3848 ait

141 3880 191 3938 eus,
205 3894 259 3940 qua
272 3880 415 3938 injuriarum
429 3879 538 3924 immune:
553 3879 668 3936 condunt,
719 3878 863 3925 Plutarchus
885 3878 910 3924 in
938 3878 993 3926 i'ita
1013 3878 1119 3935 AEmiiii,
1147 3890 1248 3924 numme

143 4146 185 4183 wo
200 4128 253 4183 eall
272 4129 322 4184 the
340 4129 493 4184 Instituted
513 4130 579 4183 Lan
595 4129 630 4184 of
647 4128 767 4183 Nations
789 4127 840 4182 has
861 4126 894 4181 os
915 4126 995 4182 itseli
1009 4126 1191 4183 introduced:
1216 4129 1248 4185 in

144 4215 235 4268 which
253 4215 332 4278 class,
351 4214 400 4269 the
418 4215 557 4287 principat
579 4213 654 4269 head
677 4215 700 4268 is
720 4213 770 4268 the
786 4212 875 4285 Right
895 4212 929 4267 of
946 4212 1094 4282 Legation.
1129 4214 1187 4268 For
1204 4230 1246 4269 we

145 4298 321 4370 everywhere
336 4300 402 4354 read
426 4300 459 4355 of
476 4300 526 4355 tho
549 4315 699 4354 reverenoe
723 4299 766 4352 ior
780 4298 949 4360 Embassies,
968 4298 1019 4352 the
1034 4298 1196 4354 sacrodness
1216 4299 1251 4355 oi

143 4385 361 4448 Ambassadors:
382 4384 432 4440 tho
449 4385 550 4457 Rights
568 4385 601 4440 oi
615 4385 737 4440 Nations
751 4384 854 4457 lodged
870 4385 899 4438 iu
916 4382 995 4439 them
1013 4384 1052 4456 hy
1068 4384 1170 4440 Divina
1189 4386 1248 4443 aud

144 4474 258 4528 iiuman
273 4471 357 4536 Lan:
378 4470 417 4525 all
431 4470 521 4526 which
536 4471 638 4541 belong
655 4476 684 4527 to
706 4470 787 4527 those
800 4469 952 4527 Instituted
967 4470 1063 4538 Laws:
1085 4471 1150 4526 with
1164 4473 1248 4528 other
