3000 5062
270 305 334 368 210
589 312 642 366 nn
664 309 923 366 materonum
944 312 1051 367 suan.
1248 306 1321 381 [ua.
1336 313 1376 368 11.

270 475 312 542 ad
338 496 408 540 eum
430 473 483 558 qui
508 471 599 547 misit,
625 494 694 537 cum
719 471 873 557 postulato
899 480 935 536 ut
959 493 1030 536 eum
1052 471 1163 558 puniat
1187 480 1244 538 aut
1268 472 1376 550 dedat,

108 582 222 628 [inv-³&
272 573 425 661 quomodo
443 571 550 636 Gallos
567 571 736 657 postulasse
753 569 895 657 legimus,
913 578 949 635 ut
965 569 1024 635 sibi
1043 569 1234 635 dederentur
1251 572 1353 641 Fabii.

345 674 366 736 6
402 670 474 747 Sed,
492 669 576 755 quod
593 690 687 755 supra
701 667 836 733 diximus
850 667 1021 755 aliquoties,
1036 668 1172 734 humana
1183 669 1259 755 jura
1273 670 1379 737 omnia

273 770 319 837 ita
336 791 403 836 esse
423 777 613 854 comparata,
636 776 673 834 ut
695 789 758 832 non
774 766 913 855 obligent
934 767 967 832 in
983 788 1103 832 summa
1124 768 1317 845 necessitate,
1344 769 1378 834 id

273 869 314 937 de
330 869 389 933 hoc
406 886 529 954 quoque
543 875 699 954 precepto
716 865 925 931 sanctimonia
937 864 1113 953 legatorum
1125 866 1287 933 obtinebit
1313 868 1379 934 Ve-

273 990 344 1033 rum
367 967 490 1053 isapex
513 965 703 1031 neceasitatis
723 987 787 1029 non
807 972 855 1029 est
876 964 909 1028 in
931 963 1083 1030 sumtione
1103 986 1212 1051 poenae,
1230 987 1324 1052 quam
1345 976 1379 1034 et

273 1065 341 1132 aliis
364 1065 397 1130 in
413 1065 534 1130 casibus
556 1064 623 1130 tolli
638 1064 712 1150 jure
729 1063 868 1151 gentium
889 1061 971 1129 intra
989 1063 1162 1148 apparebit,
1181 1086 1250 1130 cum
1267 1065 1308 1130 de
1329 1087 1378 1130 eo-

274 1164 374 1230 lennie
396 1163 468 1229 belli
486 1163 645 1229 effectibus
664 1183 811 1248 agemus:
834 1160 1051 1227 multominus
1071 1161 1104 1226 in
1126 1161 1201 1241 loco,
1224 1170 1376 1250 tempore,

274 1284 312 1328 ac
328 1261 419 1327 modo
436 1260 595 1326 sumenda
610 1281 718 1345 poenae,
736 1260 792 1325 sed
806 1259 838 1324 in
854 1260 1063 1345 praecautione
1075 1259 1182 1348 gravis
1198 1261 1280 1339 mali,
1296 1283 1377 1348 prce-

274 1359 384 1426 sertim
400 1359 522 1445 publici.
567 1360 675 1437 Quare
692 1367 728 1424 ut
745 1358 868 1424 obviam
891 1367 981 1424 eatur
997 1358 1169 1424 imminenti
1185 1359 1333 1447 periculo,
1350 1360 1377 1425 si

274 1458 336 1524 alia
359 1457 444 1523 nulla
472 1465 519 1522 est
542 1456 624 1522 ratio
651 1456 773 1536 idonea,
797 1465 830 1523 et
854 1456 983 1522 retineri
1008 1465 1042 1523 et
1065 1457 1253 1546 interrogari
1278 1457 1377 1545 legati

275 1563 430 1643 poterunt
470 1557 521 1621 Ita
543 1555 681 1620 consules
707 1554 840 1620 Romani
855 1555 1016 1642 Tarquinii
1039 1556 1179 1645 ¹'legatos
1200 1557 1378 1643 deprehen-

275 1655 399 1731 derunt,
425 1654 606 1720 qliterarum
628 1653 661 1718 in
682 1653 789 1741 primis
810 1653 918 1720 habita
938 1676 1023 1733 cura,
1047 1664 1083 1721 ut
1103 1654 1210 1721 Livius
1229 1655 1376 1742 loquitur,

274 1774 315 1818 ne
331 1752 563 1819 interciderent.

274 1933 328 1990 βιιι
338 1929 372 1975 ιιι
382 1927 430 1983 τήν
440 1927 536 1988 Ῥώμην
547 1928 671 1986 ἐλθόντες,
683 1928 800 1988 ὑβρίσαν-
849 1929 912 1975 salos
921 1930 952 1975 sd
962 1930 1098 1977 liberatem
1109 1929 1248 1976 concitaret.
1279 1930 1378 1977 Plutar-

274 2022 326 2063 τις,
333 2002 499 2063 ἐπέμφθησαν
505 2004 550 2061 μὲν
556 2003 802 2063 εῐςτιίνΚαρχηθόνα,
849 2003 916 2060 chus,
925 2003 994 2064 (pag.
999 2004 1056 2064 292)
1064 2009 1090 2050 et
1097 2005 1198 2050 utinm
1207 2003 1312 2065 scriptor
1321 2005 1379 2050 vites

275 2079 317 2126 xci
329 2078 480 2138 ἐξεδόθησαν
496 2079 596 2138 σφισιν,
611 2081 655 2125 οὐκ
669 2079 761 2125 ἔπαθον
775 2079 802 2124 ti
850 2077 980 2137 Pelopida.
998 2078 1087 2138 (Corn.
1098 2079 1161 2139 Nep.
1172 2094 1193 2125 c.
1203 2079 1242 2138 ὅ.)

276 2153 319 2202 ὑπ’
336 2154 419 2198 αὐτῶν
435 2152 514 2198 tereto
528 2153 608 2210 oridia,
621 2153 681 2199 ἀλλ’
697 2150 802 2211 ἀφείθη·
895 2160 907 2193 ‘i
920 2153 1058 2200 Liternum
1071 2153 1097 2198 t'tt
1106 2153 1196 2212 primis
1209 2154 1294 2200 Metto
1305 2154 1378 2215 cara]

276 2239 331 2274 σαν·
349 2226 510 2283 cemjaema
519 2227 616 2287 quidam
628 2227 700 2286 legati
711 2241 727 2272 a
739 2225 802 2272 Cor·
850 2225 913 2273 Vide
930 2228 1057 2273 Serranum
1074 2229 1099 2273 in
1117 2228 1223 2275 Haurioo
1240 2230 1285 2278 lv.
1313 2230 1379 2291 [Aut

274 2302 371 2363 tkaqiee
385 2302 487 2348 Roranam
496 2303 616 2358 wnirooet,
632 2302 712 2361 ibique
721 2305 801 2347 eonta-
850 2302 931 2360 potius
938 2302 1071 2349 Auctorem
1082 2303 1249 2362 Supplemeuti
1260 2305 1380 2351 Manlinr-

273 2378 368 2424 saelioce
387 2375 496 2437 quadam
513 2376 634 2434 sectatori,
661 2376 726 2420 ιιιῐυι·
748 2379 803 2421 aaa
849 2376 915 2433 dum,
934 2390 990 2436 pag.
1001 2379 1053 2423 844.
1085 2376 1153 2424 Edit.
1171 2377 1290 2438 Francoss
1310 2380 1379 2427 icat.

277 2450 455 2510 Carthaginem,
471 2449 602 2508 traditique
617 2448 803 2509 Carthaginien·
850 2464 898 2509 qua
909 2465 964 2496 usus
974 2450 1069 2497 videtur
1078 2455 1181 2501 Auctor.
1213 2453 1300 2513 Neque
1315 2454 1379 2500 enim

274 2525 347 2582 sibus,
361 2525 393 2570 ab
403 2524 441 2569 bis
455 2537 510 2570 sero
520 2523 582 2568 nibil
591 2522 641 2569 itta
651 2525 752 2569 moitura
762 2528 803 2581 eet,
851 2525 967 2571 &maus
976 2525 1042 2572 ultra
1050 2540 1152 2586 reguum
1162 2527 1311 2575 creontis
1321 2542 1380 2588 pro·

274 2597 621 2645 uddimiesisaatiacolamec.
651 2596 803 2656 [Echulv.
850 2600 931 2646 cessit.
963 2601 1077 2648 ceterum
1087 2603 1299 2663 agiturtbtdeec,
1312 2606 1381 2665 quia

275 2673 357 2720 Ursin.
378 2685 444 2718 num.
462 2672 498 2717 18.
523 2669 565 2716 ubi
591 2684 621 2715 ex
645 2669 803 2730 incogitantia
852 2674 956 2722 Sacratis
969 2680 1022 2722 erat
1031 2676 1124 2736 Legsto
1135 2678 1264 2738 Hispania,
1278 2687 1381 2741 propter

275 2747 370 2794 Auctor
380 2751 462 2791 noster
471 2750 593 2803 postrema
599 2745 739 2791 verbamale
749 2760 803 2792 ver·
851 2748 1019 2808 proditionem,
1040 2750 1111 2796 simul
1126 2765 1181 2797 oum
1198 2754 1334 2814 Mnnrgo,
1353 2755 1379 2801 in

274 2822 314 2877 tit,
330 2834 388 2879 pro:
408 2820 549 2879 Traditique
564 2820 622 2876 iltis,
637 2820 735 2877 scilicet,
751 2821 802 2866 Ro·
852 2823 983 2867 custodiam
995 2823 1059 2871 dato.
1089 2824 1117 2871 J.
1127 2824 1172 2885 B.]

274 2897 358 2951 mia,
374 2908 422 2940 non
435 2895 679 2954 Carthaqtnteasttm,
691 2910 706 2941 a
716 2897 804 2956 quibus
894 2891 905 2921 ⁸
921 2892 1016 2940 Chorus
1026 2899 1070 2951 eet,
1085 2896 1127 2955 qui
1136 2895 1244 2956 loquitur
1253 2897 1314 2955 heic,
1330 2913 1379 2945 non

275 2975 360 3018 contra
370 2969 445 3027 legati
455 2970 530 3016 dediti
540 2975 604 3016 sunt.
635 2969 662 3016 J.
670 2969 713 3030 B.]
851 2966 959 3023 reema
974 2981 1034 3014 vers.
1051 2971 1105 3016 272.
1135 2970 1290 3031 Quamquam
1308 2978 1335 3020 et
1352 2975 1379 3020 tn

319 3043 450 3103 sleqatoe
469 3041 678 3103 deprehendes-reat]
706 3043 803 3102 Pelopi·
851 3044 978 3103 Excerptis
994 3057 1024 3090 ex
1039 3044 1113 3105 Trag.
1130 3051 1155 3092 et
1169 3046 1260 3094 comio.
1278 3049 1379 3105 Grecis,

275 3117 318 3164 das
333 3116 358 3161 in
372 3117 466 3162 vincula
481 3116 604 3175 conjectus
618 3117 649 3162 ab
664 3117 802 3164 Alexandro
851 3118 952 3177 Auctor,
963 3118 1042 3165 nescio
1053 3133 1133 3179 quam,
1144 3119 1168 3166 id
1178 3121 1268 3170 Fecisti
1278 3123 1376 3172 hibunt.

275 3192 384 3252 Pherae,
395 3191 467 3251 qnod,
478 3191 573 3251 legatus
583 3205 638 3238 cum
648 3197 718 3249 esset,
725 3192 803 3238 Thes-
851 3192 878 3238 J.
889 3192 922 3240 B.

272 3443 304 3494 to
318 3437 355 3492 bs
373 3437 482 3508 subJect
504 3443 534 3492 to
552 3438 602 3494 the
617 3440 752 3495 Romans.
791 3440 822 3494 11⁴
839 3439 888 3496 the
904 3441 991 3496 crime
1005 3441 1042 3497 be
1058 3458 1138 3498 more
1155 3444 1304 3510 atrocious,
1319 3446 1377 3501 and

271 3522 390 3591 tending
401 3528 431 3576 to
446 3521 542 3593 public
556 3523 694 3588 mischius,
709 3525 758 3579 the
776 3525 957 3580 ambassador
971 3534 1047 3582 must
1060 3528 1097 3582 be
1111 3537 1175 3584 sent
1190 3528 1263 3583 back
1274 3536 1305 3585 to
1316 3531 1377 3585 him

273 3605 335 3658 who
355 3610 418 3659 sont
439 3605 507 3668 him,
522 3607 589 3659 with
607 3624 625 3661 a
643 3607 766 3662 demand
783 3609 846 3663 that
861 3610 897 3665 he
911 3611 948 3665 be
966 3612 1106 3683 pnnished
1121 3629 1154 3668 or
1171 3615 1377 3682 surrendered3

272 3704 303 3742 aa
318 3687 367 3742 the
380 3688 467 3742 Gauis
482 3689 568 3744 asked
581 3690 643 3745 that
657 3690 707 3745 the
721 3693 802 3746 Fabii
816 3694 917 3748 should
929 3696 965 3750 be
977 3699 1060 3767 given
1074 3713 1113 3769 up
1128 3703 1159 3753 to
1173 3697 1260 3753 them

326 3776 343 3824 6
365 3773 431 3835 But,
445 3789 475 3826 ae
490 3789 531 3827 we
543 3774 615 3830 hare
629 3776 689 3829 said
707 3777 804 3841 abore,
821 3777 884 3834 that
898 3781 936 3834 all
946 3781 1053 3836 human
1068 3783 1158 3853 rights
1170 3799 1219 3838 are
1232 3799 1263 3839 so
1279 3784 1376 3838 conm-

271 3856 377 3920 tioned‚
391 3856 455 3910 that
469 3856 537 3928 they
549 3858 586 3913 do
600 3867 651 3915 not
663 3861 732 3915 hind
747 3864 776 3916 in
795 3880 872 3919 cases
890 3866 924 3919 of
935 3874 1061 3923 extreme
1075 3869 1221 3941 necessity,
1235 3885 1266 3924 so
1280 3869 1304 3923 is
1319 3869 1376 3924 this

271 3948 336 3997 true
354 3943 384 3995 in
401 3942 457 3997 this
474 3943 603 3999 doctrino
620 3948 654 4000 of
673 3947 722 4001 the
740 3948 925 4021 inviolability
944 3951 977 4006 of
995 3953 1197 4010 ambassadors.
1236 3956 1294 4010 But
1312 3954 1376 4010 that

271 4037 397 4084 extreme
407 4028 441 4081 of
449 4030 587 4101 necessity
595 4030 662 4086 does
675 4039 725 4087 not
738 4050 822 4088 occur
833 4035 864 4089 in
875 4035 924 4090 tho
933 4038 1125 4108 requirement
1136 4039 1170 4094 of
1178 4040 1377 4112 punishment3

271 4113 362 4168 which
377 4131 442 4186 may
455 4115 514 4169 also
529 4115 565 4169 be
580 4117 739 4187 suspended
754 4120 783 4173 in
802 4121 884 4176 other
898 4138 974 4176 cases
989 4123 1027 4194 by
1040 4124 1089 4178 the
1103 4125 1171 4179 Law
1186 4126 1220 4180 of
1237 4126 1376 4193 Nations;

270 4216 302 4254 as
316 4198 372 4252 will
387 4217 493 4272 appear
504 4201 602 4266 below,
615 4202 708 4256 where
723 4221 763 4258 we
778 4210 852 4261 treat
864 4207 898 4262 of
909 4207 958 4261 the
970 4208 1140 4264 established
1152 4211 1249 4266 effecte
1261 4211 1295 4265 of
1303 4228 1374 4266 war:

270 4285 327 4341 still
342 4284 396 4339 less
408 4286 476 4340 does
491 4285 548 4340 this
563 4289 701 4359 necessity
716 4298 831 4361 operate
846 4293 875 4345 in
890 4291 939 4347 the
951 4293 1040 4363 place,
1055 4296 1132 4360 time,
1145 4297 1202 4350 and
1215 4314 1334 4351 manner
1345 4297 1380 4351 of

271 4369 370 4441 taking
388 4370 584 4441 punishmeut3
613 4372 665 4428 but
688 4375 711 4429 it
733 4375 801 4431 does
819 4376 886 4433 hold
905 4379 935 4432 in
952 4381 1131 4449 precautions
1148 4383 1258 4454 against
1276 4399 1377 4455 graver
