3000 5062
121 305 328 377 cm.xx1v.]
365 309 496 365 JUS'l'lS
519 308 654 365 CAUSIS
676 308 934 365 SUSCIPIENDO
956 309 1089 365 BELLO.
1158 302 1221 366 4⁹29

120 471 262 536 morbum
290 470 426 537 laceret:
451 471 628 560 intelligens
658 472 842 560 populorum
872 473 1071 551 occidionem,
1102 472 1222 539 desola-

121 569 236 636 tionem
263 569 396 647 urbium,
427 571 611 658 pestilentia
635 593 703 636 asse
734 594 850 659 opera:
881 573 958 638 nihil
986 581 1091 640 autem
1122 572 1223 662 magis

122 690 190 734 esse
216 668 339 758 regium
365 691 458 757 quam
482 670 642 736 consulere
667 671 801 735 omnium
826 672 929 748 saluti,
952 693 1023 758 quae
1047 695 1124 760 pace
1151 694 1224 737 eou-

121 767 247 835 tinctor.

198 871 220 933 3
257 866 292 932 Si
312 867 385 954 jure
408 868 549 935 Hebraeo
566 876 599 934 et
618 865 672 955 qui
688 889 752 932 non
768 868 875 935 volens
890 867 1047 934 hominem
1062 868 1224 982 cecidisset
1236 884 1371 968 ωπ-

122 964 234 1055 lugere
263 968 416 1034 debebat:
441 966 468 1031 si
499 968 586 1031 Deus
612 988 632 1031 a
662 966 794 1041 Davide,
821 967 875 1053 qui
901 967 953 1055 pia
981 967 1065 1032 bella
1092 989 1223 1055 gessisse
1236 987 1339 1071 leam

123 1065 247 1143 dieitur,
274 1065 345 1131 ideo
371 1064 521 1152 templum
551 1086 640 1129 suum
668 1064 813 1129 aedificari
840 1065 940 1131 vetuit
965 1065 1069 1151 yquod
1093 1042 1279 1131 multum²nu

123 1164 305 1253 sanguinem
329 1163 479 1229 fudisset:
502 1161 529 1227 si
550 1162 635 1249 apud
661 1163 788 1228 Gnaeos
804 1171 927 1229 veteres
949 1164 1128 1252 expiatione
1147 1187 1225 1252 opus

123 1264 284 1329 habebant
312 1261 407 1327 ctiam
438 1261 492 1348 qui
520 1261 585 1327 sine
617 1261 709 1348 culpa
737 1284 861 1327 manum
888 1263 974 1328 caede
1002 1264 1224 1330 maculassent:

125 1363 270 1448 quianon
286 1360 400 1437 videat,
418 1361 590 1449 praesertim
610 1360 814 1439 Christianus,
832 1385 926 1449 quam
944 1385 995 1428 res
1011 1362 1052 1430 sit
1068 1364 1176 1430 infelix
1193 1374 1226 1431 et

125 1461 199 1526 mali
215 1460 333 1538 ominis,
357 1469 537 1547 quantoque
556 1461 626 1526 nisu
647 1460 829 1549 fugiendum
853 1463 966 1528 bellum
989 1463 1083 1529 etiam
1101 1486 1163 1529 nou
1179 1463 1225 1529 in·

121 1557 267 1647 justum?
314 1561 409 1626 Certe
432 1560 517 1647 apud
544 1561 670 1626 Gnaeos
696 1560 965 1626 Christianismum
990 1562 1147 1648 prclcsscs
1172 1563 1226 1627 diu

125 1660 308 1725 observatus
332 1670 381 1725 cst
405 1682 513 1735 canon,
540 1681 602 1745 quo
624 1658 721 1723 sacris
743 1658 802 1722 ‘ad
828 1667 951 1746 tempus
970 1661 1158 1725 arcebantur
1173 1660 1226 1747 qui
1238 1683 1343 1771 amaya

125 1757 247 1823 hostem
263 1757 296 1822 iu
312 1759 527 1844 qualicumque
543 1757 623 1824 belle
640 1755 874 1823 interfecissent.
1240 1778 1260 1816 a
1294 1776 1373 1816 aaa

128 1934 196 1980 δοκεῖ
206 1931 246 1979 iai
254 1934 301 1988 τήν
315 1932 438 1980 domairac
449 1934 489 1980 nai
500 1932 582 1989 scamis
591 1949 654 1993 συγ-
703 1946 843 1978 minanam
861 1946 878 1978 α
900 1946 990 1979 summa
1009 1948 1083 1981 causa
1105 1934 1229 1981 anienem

129 2008 235 2069 γένειαν·
261 2008 288 2054 οὗ
310 2010 386 2068 χάριν
408 2009 549 2067 καθαρσίων
570 2009 654 2063 ἐδέησε
703 2007 870 2067 coemtionem.
898 2006 1230 2070 Quaproptsretpurqalicae

128 2088 184 2129 *reia
208 2083 324 2128 malvam
344 2083 408 2142 πρὸς
425 2082 583 2142 ἀπαλλαγήν
607 2083 654 2128 τοῦ
703 2082 808 2142 quadam
824 2095 884 2140 opus
901 2082 1017 2128 habebant
1038 2083 1097 2129 lala
1119 2083 1228 2143 interfic-

129 2155 287 2216 νομισθέντος
301 2156 377 2214 ἄγους
394 2157 556 2217 γεγενῆσθαι·
571 2172 655 2218 quasn-
703 2162 772 2213 tores,
782 2156 941 2202 adelmanni
947 2157 1158 2215 quodcmmimm
1165 2157 1230 2204 cide·

128 2232 165 2277 cia
182 2231 242 2278 enim
256 2231 346 2292 lenibat
358 2232 476 2290 permissa
491 2232 538 2277 sint
555 2233 655 2278 boetiam
703 2232 773 2277 batur
779 2231 910 2290 piaculum.
940 2231 1109 2290 (Pambotis.)

129 2306 267 2362 cotidianas,
289 2311 392 2351 citam
411 2305 518 2364 quisquis
542 2307 655 2352 homiaem
746 2306 811 2352 ¹Ad
822 2303 921 2364 tmpus]
938 2305 1059 2354 Triennio.
1070 2306 1175 2352 Zonaras
1185 2306 1230 2353 Nl-

127 2379 278 2438 interfecerit,
293 2378 485 2439 qumuajusa,
499 2380 606 2438 quaneh
622 2380 657 2425 ad
703 2382 808 2441 cepboro
824 2381 912 2427 Phoco.
944 2380 1011 2440 (Lib.
1029 2394 1086 2427 xvi.
1105 2395 1159 2442 cap.
1175 2396 1230 2431 xxv.

128 2456 167 2501 sai
187 2455 289 2512 tutelam,
309 2454 418 2514 warocio
438 2458 539 2510 macha,
560 2454 657 2514 aliquid
703 2458 823 2517 paneae.
839 2456 949 2503 Tomis.
979 2455 1029 2503 Ed.
1040 2454 1114 2516 Περ.)

130 2528 193 2577 lace
202 2529 347 2577 contraxisse
357 2528 470 2586 creditur,
478 2533 578 2588 prepter
589 2528 657 2574 illam

130 2774 281 2851 slaughtcr,
300 2796 372 2836 even
391 2781 509 2837 without
528 2782 611 2848 lauit,
628 2781 685 2838 had
705 2783 778 2839 need
798 2784 831 2838 of
850 2785 1009 2857 expiation;
1026 2780 1089 2839 how
1103 2800 1155 2839 can
1177 2800 1233 2855 any

131 2878 185 2927 one
200 2865 250 2917 fail
266 2870 296 2918 to
316 2882 372 2926 see.
387 2869 538 2939 especially
558 2886 614 2940 any
636 2868 785 2933 Christian,
800 2869 875 2924 what
893 2888 930 2924 an
946 2870 1080 2940 unhappy
1099 2868 1155 2923 and
1176 2871 1233 2925 dis·

131 2955 240 3001 astrous
263 2948 352 3017 thing,
374 2951 429 3002 and
451 2951 514 3004 how
536 2953 714 3025 strenuously
736 2960 768 3007 to
791 2951 827 3006 be
850 2953 978 3016 avoided,
996 2955 1019 3006 is
1041 2969 1059 3005 a
1082 2969 1147 3015 war,
1162 2970 1233 3007 even

130 3031 213 3085 when
235 3037 286 3084 not
314 3033 427 3100 unjust?
478 3034 622 3105 Certainly
651 3052 754 3107 among
782 3034 832 3089 the
861 3037 969 3093 Greeks
998 3034 1060 3088 who
1088 3034 1233 3106 professed

132 3115 322 3186 Christianity,
343 3115 393 3170 the
411 3117 510 3170 Canon
527 3135 582 3173 was
599 3118 667 3189 long
688 3120 833 3184 obserred,
850 3119 889 3191 by
903 3119 993 3174 which
1008 3119 1088 3174 these
1100 3118 1163 3173 who
1176 3119 1234 3173 had

131 3200 219 3256 killed
234 3216 271 3254 an
285 3216 386 3272 enemy
403 3201 433 3254 in
445 3217 501 3272 any
515 3218 572 3255 war
586 3200 735 3271 whatever,
749 3221 822 3260 were
836 3204 883 3259 lor
897 3222 915 3258 a
928 3206 997 3260 time
1009 3203 1144 3260 excluded
1158 3205 1234 3260 from

132 3286 330 3359 participation
345 3287 374 3340 in
389 3287 487 3342 sacred
500 3288 601 3343 cffices.
