3000 5062
118 280 187 333 (ιιι).
202 276 286 344 xla]
481 280 532 331 DE
557 278 857 334 CONTRACTIBITS.

116 443 262 508 fortuitos
276 441 396 507 aversio
410 442 546 528 periculi,
565 443 659 531 vulgo
674 444 871 521 assecuratio,
890 443 943 531 qui
956 452 1132 510 contractus
1148 444 1220 509 olim

118 542 171 606 vix
195 542 336 630 cognitus
357 563 439 605 nunc
461 551 509 607 est
534 541 616 607 inter
642 543 866 631 receptissimus
877 547 899 628 3)
924 554 980 609 aut
1000 552 1036 609 ut
1061 545 1116 610 des
1142 565 1219 620 rem,

117 650 173 707 aut
189 664 277 707 usum
294 641 351 708 rei.

195 742 249 807 lV.
301 742 401 807 Actus
418 749 522 806 autem
540 739 803 806 communicatorii
815 751 871 808 aut
887 743 971 808 facta
983 740 1218 818 communicant,

116 849 247 917 autres,
264 850 320 906 aut
337 841 410 906 hinc
426 862 487 916 res,
504 841 578 905 inde
593 839 677 907 sacta
692 841 735 906 ad
750 841 915 908 utilitatem
932 864 1132 920 communem,
1150 862 1220 928 quae

117 940 219 1006 omnia
234 941 362 1007 veniunt
377 940 533 1006 societatis
553 939 696 1005 nomino:
722 939 755 1005 in
771 962 833 1026 quo
848 963 964 1029 genere
986 940 1219 1030 comprehendi-

116 1047 170 1104 tur
191 1049 224 1105 et
245 1039 355 1105 bellica
376 1040 515 1118 societas,
539 1038 638 1125 qualis
658 1039 713 1105 illa
735 1041 819 1126 apud
844 1063 901 1107 nos
922 1041 1069 1128 frequens
1094 1040 1220 1106 navium

117 1138 312 1224 privatarum
337 1138 429 1205 coitio
445 1139 595 1205 adversus
619 1139 747 1225 piratas,
771 1148 827 1205 aut
843 1140 920 1206 alios
936 1140 1102 1219 invasores,
1127 1162 1220 1227 quam

118 1236 212 1325 vulgo
237 1238 487 1304 Admiralitatem
509 1247 699 1325 nuncupant,
727 1238 831 1304 Graeci
852 1237 1041 1321 σύμπλοιαν
1064 1248 1121 1307 aut
1145 1236 1220 1321 ὁμό-

118 1343 240 1406 πλοιαν
256 1339 418 1406 vocabant.

192 1438 232 1503 V.
279 1436 374 1503 Mixti
389 1445 494 1503 autem
510 1445 598 1503 actus
614 1444 695 1514 sunt,
713 1446 769 1503 aut
785 1437 1006 1526 principaliter,
1023 1447 1080 1505 aut
1096 1461 1153 1528 per
1169 1461 1220 1506 ao-

117 1535 285 1602 oessionom
301 1536 440 1603 alterius.
494 1536 547 1602 Sic
564 1536 590 1601 si
612 1536 711 1601 scions
728 1559 795 1602 rem
812 1538 937 1624 majoris
954 1561 1064 1617 emam,
1086 1548 1119 1605 et
1135 1538 1220 1625 quod

117 1633 187 1723 plus
203 1644 252 1702 cst
267 1634 300 1701 in
314 1635 416 1723 pretio
432 1636 525 1703 alteri
541 1637 719 1711 condonem,
738 1636 852 1723 partim
867 1638 993 1704 donatio
1010 1640 1080 1718 erit,
1105 1638 1220 1726 partim

118 1734 231 1803 emtio:
256 1736 284 1801 si
309 1736 400 1801 labro
427 1735 589 1823 pecuniam
616 1737 805 1822 promittam,
832 1747 868 1804 ut
894 1738 934 1803 de
962 1761 1018 1804 suo
1040 1761 1119 1804 auro
1143 1737 1220 1802 mihi

120 1835 267 1902 ¹annulos
283 1835 388 1912 saciat,
414 1834 530 1923 partim
547 1836 641 1900 emtio
659 1835 730 1911 erit,
757 1837 872 1922 partim
893 1837 1061 1903 conductio.
1115 1837 1167 1904 Sic
1188 1845 1221 1902 et

119 1932 153 1997 in
176 1935 323 2001 socictate
346 1935 467 2013 accidit,
484 1943 521 2000 ιιι
536 1934 618 2000 alter
642 1934 757 2001 lactum
783 1944 816 1999 et
834 1935 1006 2021 pecuniam,
1031 1937 1114 2001 alter
1128 1957 1220 2021 pecu·

119 2031 204 2098 niam
221 2042 343 2099 tantum
359 2034 544 2100 contribuat.
595 2035 639 2100 Et
660 2033 693 2097 in
710 2032 826 2099 feudali
848 2043 1009 2100 contractu
1026 2035 1074 2100 rei
1089 2034 1221 2100 feudalis

120 2133 274 2199 concessio
291 2132 471 2199 beneficium
487 2142 544 2210 est,
569 2132 672 2221 pactio
688 2142 793 2199 autem
817 2133 960 2201 militaris
976 2156 1081 2222 operae
1097 2156 1154 2221 pro
1172 2142 1221 2199 tu·

118 2231 192 2309 tela,
220 2242 269 2299 est
297 2232 376 2298 facio
398 2241 435 2298 ut
464 2232 568 2298 facias.
621 2233 714 2310 Quod
740 2232 767 2297 si
793 2255 871 2298 onus
900 2234 1055 2321 pensionis
1082 2233 1219 2311 accedat,

117 2340 246 2397 eatenus
265 2330 412 2398 miscetur
436 2354 506 2397 cum
531 2331 738 2420 emphyteusi.
780 2334 895 2398 Foenus
916 2354 1040 2419 quoquc
1064 2332 1221 2399 nauticum

117 2430 249 2498 mixtum
266 2430 343 2517 quid
358 2439 461 2497 estex
479 2439 641 2497 contractu
658 2431 767 2508 mutui,
786 2442 818 2498 et
835 2432 963 2519 periculi
977 2432 1087 2498 auersi.

116 2605 205 2651 tionem
212 2605 388 2652 uenditionem:
400 2619 454 2664 qum
464 2604 645 2651 sententiatim·
697 2606 743 2666 §4.
753 2605 813 2654 last.
827 2606 865 2651 De
875 2605 959 2653 locat.
971 2606 1085 2654 Conduct.
1114 2605 1142 2653 J.
1154 2606 1185 2652 Β.

116 2680 566 2740 (lempraewalnitapudJCtosweteres.
583 2679 645 2725 Vide

430 2826 542 2832 —---
554 2824 908 2834 m-a-——-

116 2929 226 2993 known,
248 2945 310 2983 now
331 2945 433 3000 among
455 2926 505 2984 tho
527 2934 601 2984 most
627 2924 779 2994 common)
809 2946 842 2985 or
862 2928 925 2985 that
946 2947 1003 3002 you
1030 2948 1095 3005 may
1118 2932 1182 3003 giro
1202 2950 1220 2987 a

116 3014 206 3085 thing,
228 3031 261 3069 or
278 3014 327 3069 tho
345 3032 395 3070 uso
417 3014 450 3069 of
468 3031 486 3068 a
504 3014 592 3085 thing.

173 3101 224 3156 IV.
262 3100 330 3156 Acts
351 3102 601 3172 communicatory,
617 3099 709 3156 cithor
726 3101 861 3156 establish
878 3118 896 3156 a
914 3103 1087 3173 community
1105 3103 1138 3157 of
1152 3109 1222 3169 acts,

120 3204 152 3242 or
169 3186 203 3241 of
220 3192 364 3258 property,
385 3204 418 3241 or
439 3194 573 3259 property
595 3203 633 3240 on
649 3187 700 3241 tho
717 3203 771 3241 ono
790 3187 857 3250 sido,
874 3193 933 3241 acts
952 3203 990 3241 on
1010 3188 1060 3242 tho
1078 3188 1161 3243 other
1177 3190 1223 3244 for

119 3272 170 3327 tho
191 3288 321 3327 common
346 3273 457 3343 utility3
479 3273 518 3327 all
538 3272 628 3326 which
649 3289 698 3326 aro
725 3272 815 3327 called
837 3272 1029 3342 Partnership.
1075 3273 1109 3325 In
1131 3272 1222 3327 which

122 3358 192 3413 class
207 3374 256 3412 aro
270 3358 402 3413 included
416 3358 595 3413 associations
610 3358 656 3411 for
669 3358 719 3412 the
733 3357 843 3411 mutual
857 3358 1020 3411 Protection
1042 3356 1076 3410 of
1094 3357 1170 3428 ships
1192 3359 1222 3410 in

122 3445 191 3499 timo
212 3444 246 3498 of
263 3461 329 3510 war,
351 3446 460 3517 against
477 3446 583 3516 pirates
605 3460 638 3498 or
660 3445 742 3499 other
763 3444 894 3509 enomics,
915 3442 1006 3498 which
1028 3443 1052 3497 is
1071 3443 1161 3499 callcd
1184 3461 1223 3497 on

122 3527 290 3601 Admirolty.

180 3615 217 3670 V.
253 3615 321 3671 Acts
335 3632 384 3671 uro
397 3615 491 3671 nrixed
505 3608 551 3687 (or
564 3614 732 3689 compound,
747 3615 761 3684 ι
775 3608 803 3689 1)
823 3616 915 3672 either
929 3633 959 3672 as
974 3616 1120 3688 principal,
1138 3633 1171 3671 or
1184 3616 1223 3689 by

123 3700 173 3757 tho
184 3703 326 3757 accession
337 3700 371 3756 of
382 3702 502 3756 another
513 3708 567 3757 aot.
615 3698 701 3772 [First
716 3718 746 3756 as
764 3697 925 3774 principat]
971 3702 1050 3758 Thus
1064 3704 1090 3756 it
1101 3704 1116 3757 I
1127 3704 1224 3758 know·

123 3787 201 3860 ingly
217 3788 274 3859 buy
288 3804 307 3841 a
321 3787 402 3859 thing
416 3788 463 3841 for
482 3804 561 3842 moro
575 3787 644 3842 than
665 3789 688 3842 it
702 3788 725 3840 is
739 3788 838 3853 worth,
856 3789 913 3842 and
932 3790 996 3859 giro
1010 3788 1060 3844 the
1074 3790 1159 3844 aellor
1173 3788 1223 3842 tho

124 3889 218 3928 excesu
236 3873 269 3928 of
284 3874 370 3945 price,
391 3875 414 3927 it
431 3874 454 3927 is
475 3872 568 3945 partly
582 3874 696 3945 buying,
710 3873 804 3943 partly
824 3873 968 3928 donation.
1015 3874 1046 3927 If
1064 3873 1079 3927 1
1100 3876 1224 3944 promise

124 3974 227 4030 money
240 3964 272 4013 to
286 3958 467 4029 ugoldsmith
482 3959 526 4012 for
544 3960 658 4029 making
677 3959 753 4028 rings
768 3960 814 4012 for
824 3975 871 4013 me
885 3957 919 4012 of
929 3957 973 4013 his
991 3974 1053 4012 own
1067 3958 1143 4028 gold,
1162 3960 1186 4011 it
1200 3958 1224 4012 is

124 4044 218 4117 partly
231 4043 337 4116 buying
352 4043 400 4110 (of
411 4042 562 4111 material),
584 4043 677 4115 partly
688 4043 750 4097 hiro
770 4041 816 4108 (of
827 4037 948 4103 labour).
987 4042 1026 4096 So
1046 4042 1077 4095 in
1090 4042 1224 4095 Partner-

124 4129 202 4201 ships
223 4130 246 4184 it
260 4129 387 4201 happens
409 4129 473 4184 that
490 4145 544 4184 one
565 4144 668 4199 porson
682 4127 855 4181 contributes
874 4133 933 4181 acts
948 4126 1005 4180 and
1027 4141 1138 4197 money,
1155 4143 1224 4180 ano·

124 4215 189 4270 thor
203 4231 305 4287 monoy
319 4216 395 4287 only.
425 4214 491 4269 And
505 4216 535 4268 in
546 4213 596 4268 tho
610 4212 718 4266 Feudal
733 4212 876 4275 Contract,
889 4210 939 4266 tho
951 4211 1113 4267 concession
1128 4212 1162 4266 of
1172 4212 1223 4267 tho

123 4301 177 4355 not
188 4302 212 4356 is
230 4318 248 4355 a
260 4301 395 4367 benefice,
412 4300 466 4356 but
486 4299 536 4355 tho
555 4304 622 4371 pact
636 4298 669 4352 of
688 4297 811 4368 military
832 4298 938 4352 service
958 4298 1004 4353 for
1021 4300 1179 4369 protection
1199 4299 1223 4354 is

114 4387 197 4457 facio
210 4396 241 4441 ut
255 4387 359 4463 socios.
397 4386 462 4442 anu
483 4386 509 4439 if
524 4386 573 4441 tho
591 4384 644 4440 lios
658 4383 695 4440 bo
709 4383 869 4439 burthoncd
887 4383 955 4439 with
976 4402 1013 4439 an
1031 4386 1135 4441 annual
1153 4401 1223 4458 pay-
