3000 5062
123 334 191 390 Car.
205 328 303 397 xxi]
342 329 394 383 DE
417 326 622 383 POENARUM
646 327 1009 384 COMMUNIOATIONE.
1163 318 1227 383 363

126 496 206 562 dum
223 492 368 580 querelas
383 491 424 557 de
438 489 560 557 damnis
573 489 666 555 illatis
683 492 853 578 respondit,
868 492 938 579 plus
956 492 1031 557 mali
1050 490 1169 558 Siculos
1185 491 1226 557 ab

124 596 234 683 Ulyxe
258 592 331 658 olim
354 589 528 678 pertulisse.
580 591 623 656 Et
646 590 833 657 Plutarchus
854 592 934 658 libro
958 601 1068 658 eontra
1082 590 1227 657 Herodo-

125 703 202 773 tum,
221 691 346 757 minime
371 689 417 756 ait
436 711 511 756 vero
537 711 604 754 esse
626 688 735 767 simile,
760 691 939 757 Corinthios
963 691 1068 757 ulcisci
1091 690 1226 757 voluisse
1240 710 1340 760 nesea

124 801 283 879 acceptam
308 812 329 856 a
357 789 471 856 Samiis
492 787 637 875 injuriam
664 786 753 868 perd
780 793 873 883 τρεῖς
899 787 1028 879 ystoriis,
1053 803 1131 877 post
1161 803 1227 857 tres

126 895 291 959 leontinum
312 903 433 957 (etates.
480 889 548 953 Nec
570 888 711 974 procedit
733 889 826 976 hujus
848 898 882 956 et
903 890 1047 956 similium
1072 889 1226 955 factorum

125 990 273 1068 defensio,
291 1012 384 1076 quam
405 988 490 1075 apud
507 987 708 1053 Plutarchum
730 988 837 1078 legere
859 998 906 1055 cst
922 992 975 1056 De
991 1012 1067 1056 sero
1082 992 1227 1056 nominee

125 1094 284 1158 vindicta.
329 1089 423 1154 Aliud
446 1087 528 1153 enim
553 1095 602 1153 est
622 1086 675 1174 jus
695 1086 767 1165 Dei,
787 1088 873 1154 aliud
898 1089 1065 1165 hominum,
1094 1097 1130 1155 ut
1152 1110 1226 1154 mox

126 1190 266 1278 apertius
296 1188 359 1255 fiet
407 1188 520 1273 Neque
552 1185 579 1251 si
613 1208 737 1272 aequum
775 1196 823 1254 est
856 1197 997 1275 posteros
1029 1190 1164 1254 honores
1193 1196 1227 1255 et

126 1289 257 1377 pramis
280 1288 421 1375 accipere
443 1287 484 1352 ob
509 1284 621 1352 merita
642 1286 804 1372 majorum,
830 1287 900 1354 ideo
923 1297 957 1355 et
979 1287 1084 1376 puniri
1108 1310 1162 1353 eos
1184 1288 1226 1354 ob

127 1412 235 1455 eorum
258 1396 385 1476 peccata
405 1408 529 1472 acquum
554 1394 611 1451 est
662 1386 810 1452 Beneficii
830 1387 912 1453 enim
929 1387 1002 1455 talis
1018 1396 1067 1454 est
1082 1386 1225 1468 materia,

127 1498 163 1554 ut
178 1489 209 1552 in
229 1488 368 1574 quemvis
385 1485 521 1551 conferri
537 1483 603 1549 sine
619 1483 734 1571 injuria
750 1486 865 1573 possit;
891 1510 991 1575 poenae
1007 1510 1070 1553 non
1084 1487 1170 1554 item.

202 1589 261 1654 IX.
310 1587 456 1652 Diximus
473 1585 512 1649 de
530 1583 630 1649 modis
645 1606 704 1672 per
720 1608 799 1672 quos
815 1588 1018 1653 communitas
1035 1608 1134 1674 pmnae
1148 1585 1227 1651 acci·

126 1686 174 1753 dit
198 1708 238 1752 ea
264 1687 363 1773 culpan
391 1682 619 1749 communitate.
671 1686 784 1751 Restat
805 1694 979 1772 spectemus
1003 1707 1045 1751 an
1069 1694 1112 1762 et,
1135 1684 1228 1771 culpa

126 1807 189 1850 non
207 1785 440 1863 communicata,
458 1781 703 1850 communicetur
719 1805 829 1870 poena:
854 1805 925 1869 quae
942 1805 994 1850 res
1016 1792 1052 1850 ut
1074 1792 1160 1850 recte
1179 1783 1227 1848 in·

127 1884 299 1972 telligatur,
317 1892 350 1949 et
365 1905 415 1959 ne,
435 1904 505 1968 quae
523 1882 641 1969 reipsa
659 1883 783 1948 diversa
799 1892 880 1962 suat,
897 1885 938 1950 ob
955 1906 1064 1950 vocum
1086 1882 1228 1949 similitu·

131 1983 236 2049 dinem
254 1981 492 2061 confundantur,
509 1982 665 2047 monenda
681 1990 754 2048 sunt
775 1982 928 2069 quiedam.

206 2083 247 2147 X.
296 2084 316 2146 1
350 2080 500 2158 Primum,
518 2080 686 2148 aliudesse
703 2082 849 2148 damnum
866 2082 984 2149 duecte
1004 2081 1122 2160 datam,
1143 2080 1229 2147 aliud

126 2264 223 2316 teretem
246 2258 292 2304 tali
311 2272 341 2304 ee
359 2271 433 2305 cause
450 2261 547 2319 pamm,
570 2271 616 2303 non
638 2271 656 2303 a
704 2259 816 2319 stantius)
832 2259 909 2306 obsita
923 2263 1036 2306 oensem
1049 2259 1150 2306 erimina
1170 2258 1230 2305 seris

129 2333 222 2381 Groeeis
231 2334 257 2379 in
270 2333 394 2391 limones,
403 2347 449 2378 non
458 2347 475 2378 a
484 2331 655 2379 Macedonibus
700 2334 786 2393 pent,
798 2335 868 2380 etiam
878 2334 976 2392 infitias
985 2338 1028 2379 aet
1039 2338 1138 2393 nepotes,
1147 2345 1230 2392 perse·

126 2409 152 2454 in
162 2409 260 2466 Persas,
274 2408 312 2454 eet
322 2422 397 2468 puero
413 2407 518 2466 laneat:
534 2420 581 2452 non
594 2407 656 2452 enin
704 2411 835 2471 qaebatur5
855 2424 935 2455 oerum
951 2424 1003 2456 eane
1018 2408 1141 2468 impetebat
1161 2406 1189 2467 (i.
1208 2420 1230 2453 s.

126 2484 166 2530 itti
175 2484 252 2529 obsita
264 2487 376 2529 vetustate
386 2482 487 2528 amerina
499 2481 560 2527 serie
570 2481 654 2540 penis,
704 2486 881 2545 Magnensium)
896 2486 938 2545 qni
948 2485 1052 2545 porteris
1063 2484 1167 2529 oironesn
1176 2482 1232 2528 bene

126 2575 154 2606 ne
170 2561 195 2606 in
205 2566 297 2620 nepotes
306 2558 399 2619 quiden
414 2562 457 2604 aut
470 2557 564 2614 liberos,
574 2570 656 2616 perse·
703 2562 837 2608 meritorum
843 2560 1003 2621 Imperiamei
1012 2561 1139 2620 cripuerat
1160 2558 1231 2605 Unde

126 2636 263 2695 praebantur,
278 2634 320 2681 sed
333 2633 388 2679 illos
399 2633 545 2693 impetebant,
561 2633 603 2691 qui
618 2633 654 2677 ri·
703 2643 779 2699 patet,
788 2637 803 2684 J
805 2638 911 2683 alianum
920 2637 986 2683 laudi
996 2636 1102 2683 tribuere
1110 2635 1232 2682 Constan-

126 2724 206 2755 rorttm
221 2710 275 2756 bene
289 2710 424 2756 maltorum
434 2708 540 2768 porterit
553 2707 600 2752 vim
616 2707 654 2751 ῡῑ·
703 2714 746 2770 tio,
761 2712 826 2773 quod
837 2726 885 2757 non
897 2711 1005 2758 imitatus
1018 2710 1049 2757 sit
1060 2715 1151 2757 veteres
1164 2710 1233 2757 Gra·

119 2786 239 2845 serebant,
256 2799 331 2846 regna
346 2786 523 2845 ecwrpaebant.
562 2782 655 2843 [Locus
704 2802 752 2844 cos,
776 2792 820 2833 ant
843 2786 1024 2833 Alexandrum:
1050 2786 1157 2844 adeoque
1182 2796 1232 2830 noa

126 2866 171 2916 est,
195 2874 252 2919 pag.
271 2861 302 2907 aa
318 2873 345 2905 n·
362 2859 429 2905 Edit.
450 2857 555 2904 lllmlfit
576 2856 654 2914 ⁸9⁸³·
703 2864 1231 2910 allambelloAlexandrilnl’ersaseanesam

126 2933 212 2978 heroii:
223 2932 265 2978 sed
276 2932 416 2978 vertendam
427 2931 513 2977 eratin
524 2928 655 2988 posterior·
703 2938 849 2992 fflffibwq,
863 2937 905 2983 „d
917 2938 999 2996 posim
1010 2937 1082 2983 guam
1098 2949 1148 2982 non
1157 2937 1232 2981 fuine

126 3006 180 3051 ibus
190 3005 281 3053 rerblsr
293 3003 351 3051 Non
359 3004 420 3050 emm
429 3005 471 3049 itte
481 3001 656 3061 (scilicetcon-
703 3012 812 3059 tunm
841 3010 924 3071 J,13,]

448 3144 481 3151 -,,
725 3140 742 3146 ιι.
761 3137 873 3145 .---
899 3140 911 3144 ..

127 3234 229 3291 should
247 3233 320 3289 haro
339 3231 443 3288 wished
464 3239 495 3288 to
515 3248 622 3302 arengo
637 3247 674 3284 an
688 3228 781 3299 injury
798 3226 927 3281 received
948 3224 1022 3279 from
1036 3224 1086 3279 tho
1101 3223 1231 3280 Samians

128 3322 202 3376 aster
214 3320 295 3376 three
308 3320 497 3391 generations.
534 3318 597 3373 Nor
609 3317 632 3371 is
647 3315 696 3369 the
708 3313 823 3368 defenso
834 3312 868 3365 of
875 3310 944 3365 such
956 3326 1032 3364 casos
1043 3309 1231 3381 satisfactory,

128 3407 219 3461 which
233 3423 274 3462 we
287 3405 345 3459 liud
359 3405 388 3458 in
400 3404 536 3460 Plutarch
553 3402 597 3458 On
612 3404 652 3456 tbe
663 3398 964 3471 delapedpunisbrnents
977 3397 1012 3469 ⁰s
1018 3397 1058 3450 tbe
1068 3396 1142 3465 pods.
1174 3395 1232 3450 For

128 3493 177 3548 tho
185 3494 289 3564 justice
301 3490 500 3546 administered
513 3491 550 3563 by
566 3488 629 3543 God
639 3489 662 3542 is
678 3503 732 3542 ono
747 3485 836 3557 thing,
848 3482 910 3538 that
925 3482 962 3554 by
977 3498 1051 3546 men,
1060 3480 1188 3546 another,
1200 3497 1232 3535 as

129 3598 170 3634 wo
186 3579 258 3634 shall
273 3578 348 3633 show
360 3576 512 3633 hercafter.
556 3575 619 3630 Nor
641 3574 724 3645 again
738 3589 790 3626 can
805 3588 846 3624 wo
860 3586 947 3641 arguo
962 3567 1033 3632 that,
1047 3567 1167 3622 because
1182 3566 1231 3623 de·

127 3666 278 3721 scendunts
292 3664 402 3719 receive
411 3663 535 3718 honours
544 3662 600 3716 aad
612 3659 732 3716 towards
746 3659 791 3713 for
806 3657 855 3712 the
866 3656 949 3710 merit
960 3655 993 3710 oi
999 3655 1073 3710 their
1081 3660 1234 3718 aucesium,

127 3752 271 3808 therefore
283 3752 308 3807 it
318 3752 341 3805 is
352 3751 412 3821 just
425 3750 487 3805 that
502 3750 569 3821 they
584 3747 685 3803 should
697 3747 732 3802 be
744 3743 882 3818 punished
894 3742 939 3797 ior
951 3742 1025 3798 their
1035 3741 1144 3797 crimes.
1175 3740 1234 3794 For

127 3837 247 3893 berrufits
268 3854 318 3893 aro
336 3837 369 3892 ot
388 3836 458 3891 such
472 3844 582 3900 nature,
603 3835 642 3906 by
657 3833 732 3888 their
749 3838 862 3893 matter,
883 3828 946 3884 that
968 3827 1037 3899 they
1051 3843 1116 3898 may
1130 3825 1167 3880 be
1181 3825 1232 3880 be·

128 3924 234 3977 stowod
249 3940 325 3995 upon
341 3939 396 3993 any
410 3922 529 3977 without
543 3920 644 3991 injury,
658 3920 710 3972 but
724 3916 919 3988 punishments
933 3930 982 3967 aro
996 3920 1055 3967 not.

184 4008 238 4063 nt
277 4008 329 4061 We
343 4006 415 4061 hare
428 4008 535 4077 spoken
548 4006 581 4061 of
592 4004 642 4059 the
656 4019 729 4074 ways
744 4002 774 4054 in
788 3998 879 4052 which
893 4015 911 4052 a
925 3996 1123 4068 participation
1139 3994 1168 4047 in
1183 3992 1233 4048 tho

128 4092 310 4164 punishment
323 4091 403 4146 takes
414 4091 495 4162 place
507 4092 536 4144 iu
547 4102 738 4158 consequence
750 4085 784 4140 of
791 4101 809 4138 a
820 4081 1018 4154 participetion
1030 4082 1060 4133 in
1072 4080 1122 4134 the
1135 4079 1232 4133 crime.

129 4178 157 4232 1e
168 4178 290 4232 romains
305 4176 368 4232 that
381 4192 423 4229 wo
437 4175 566 4230 consider
574 4171 709 4237 whether,
722 4170 803 4224 when
813 4169 894 4222 there
906 4167 929 4221 is
943 4172 995 4220 not
1006 4182 1024 4219 a
1035 4164 1235 4236 participation

129 4264 158 4317 ln
174 4263 224 4318 the
239 4263 353 4326 offense,
374 4261 455 4315 thore
470 4277 534 4331 may
553 4258 591 4312 bo
606 4258 635 4310 in
653 4256 703 4310 the
717 4253 915 4326 punishments
936 4250 993 4306 and
1014 4251 1091 4314 hero,
1112 4249 1175 4304 that
1192 4264 1235 4303 we

129 4367 196 4420 may
216 4355 266 4403 not
284 4348 320 4403 bo
335 4345 434 4401 mislcd
449 4345 488 4416 by
502 4344 552 4400 tho
572 4342 719 4412 similarity
740 4340 773 4395 of
788 4338 879 4393 words
900 4336 982 4392 when
1000 4336 1050 4392 the
1070 4334 1164 4406 things
1185 4350 1235 4390 are

130 4434 270 4499 different,
284 4451 326 4489 ne
340 4439 416 4487 must
430 4432 512 4486 malso
526 4448 544 4485 a
557 4428 610 4483 iow
629 4426 763 4483 remarks.

185 4522 223 4576 X.
263 4527 277 4576 1
301 4520 384 4583 First,
406 4517 469 4573 that
497 4534 515 4572 a
537 4516 655 4586 damage
679 4512 799 4585 directly
821 4509 924 4566 caused
944 4509 968 4565 is
988 4525 1043 4564 ono
1065 4506 1156 4580 thing,
1178 4506 1235 4562 and
