3000 5062
119 303 190 360 Gne.
205 298 330 374 xxvi]
376 305 429 360 DE
451 304 587 361 CAUSIS
608 306 740 362 insule
761 306 815 361 UT
837 306 1006 373 BELLUM,
1026 305 1110 364 nic.
1162 301 1222 363 451

120 467 324 557 Augustinus.
373 469 424 534 Sic
451 469 531 533 enim
562 469 627 536 nit:
652 473 747 555 Eryo
772 475 825 537 vir
843 474 963 556 justum,
990 477 1022 539 ei
1039 477 1133 559 forte
1162 476 1222 539 sub

119 589 194 652 repe
210 568 311 633 etiam
328 570 486 652 sacrilepo
503 571 633 647 militet,
656 583 740 635 recte
752 580 858 655 potest
874 574 933 637 iilo
941 574 1074 656 jubente
1091 576 1220 650 bellare,
1283 588 1285 592 ‘

119 669 152 732 ei
168 668 281 732 civicos
297 670 398 752 pecie
423 669 567 733 ordinem
586 689 731 744 servans,
749 671 836 754 qnod
857 671 924 734 eibi
931 672 1075 753 jubetur,
1092 675 1144 737 uel
1158 696 1223 738 non

120 786 187 830 esee
203 777 319 830 contro
336 768 403 831 Dei
422 778 624 852 preceptum
647 780 754 833 certus
776 780 832 846 est,
850 769 902 832 oei
916 781 1026 832 utrum
1043 772 1097 844 eit,
1116 783 1224 836 certus

87 862 96 889 ”
119 884 188 928 non
205 877 274 929 est:
297 867 349 929 ita
369 878 406 928 ut
422 867 571 950 fortasse
587 888 677 931 reum
690 868 809 951 faciat
825 889 928 948 reqem
947 869 1110 951 iniqnitas
1127 870 1225 952 impe-

120 964 231 1036 randi,
255 964 451 1028 innocentem
475 976 583 1029 autem
612 967 747 1030 militem
774 966 922 1030 ostendet
949 967 1028 1031 ordo
1055 968 1224 1032 serviendi.

120 1061 166 1127 lte
189 1061 281 1126 alibi:
315 1063 418 1128 Miles
448 1085 522 1128 cum
547 1064 692 1128 obediens
721 1065 880 1147 potestati
904 1065 963 1128 sub
990 1087 1059 1146 qna
1085 1067 1379 1166 leyitimepggtnw.

120 1162 313 1227 concutientes
342 1174 387 1227 est
412 1162 571 1227 hominem
596 1164 725 1237 occidit,
751 1164 866 1226 enom
891 1164 1038 1229 civitatis
1063 1186 1133 1229 snoe
1159 1153 1249 1247 leqe'

120 1279 196 1324 rene
218 1272 264 1324 eet
288 1261 461 1325 homicidii
472 1284 482 1323 .·
515 1262 580 1325 imo
602 1262 670 1325 nisi
682 1262 814 1345 fecerit,
841 1282 915 1325 reue
940 1274 986 1326 eet
1011 1264 1145 1347 imperii
1170 1265 1224 1328 de·

120 1359 201 1421 serti
222 1370 319 1443 otqne
344 1361 515 1425 contemti:
539 1361 623 1444 qnod
646 1361 678 1424 ei
700 1382 764 1424 ena
785 1372 896 1444 sponte
913 1372 1008 1445 atque
1025 1365 1223 1427 anctoritate

110 1456 254 1538 fecisset,
272 1459 309 1521 in
325 1460 446 1523 crimen
462 1461 556 1543 effusi
574 1460 712 1523 hnmani
726 1461 899 1542 sanquinie
921 1461 1099 1528 incidisset.
1151 1464 1222 1525 Ita-

121 1574 180 1635 que
199 1557 285 1619 tende
305 1558 447 1639 punitur
470 1560 502 1621 si
519 1560 640 1640 fecerit
655 1558 808 1639 injussus,
825 1558 902 1619 inde
919 1560 1097 1638 puniretur
1113 1560 1143 1621 ei
1159 1580 1224 1620 non

111 1653 234 1736 fecerit
245 1652 366 1732 joann.
413 1655 518 1735 Atque
534 1653 606 1715 hine
623 1652 737 1736 passim
759 1659 888 1734 recepta
904 1659 952 1714 eet
968 1653 1132 1729 sententia,
1150 1654 1222 1717 sub-
1236 1675 1388 1761 {moggi

120 1747 205 1813 ditos
222 1747 307 1830 quod
323 1746 446 1822 attinet,
463 1748 533 1811 dori
552 1747 665 1812 bellum
692 1746 850 1832 utrimque
868 1746 997 1831 justum,
1015 1748 1048 1814 id
1065 1758 1113 1816 est
1130 1749 1222 1836 injus·
1235 1768 1344 1851 {mg-431·
1354 1824 1374 1850 ι

120 1844 192 1913 mia
209 1865 331 1921 vacuus,
349 1864 410 1929 quo
427 1844 503 1910 illud
518 1844 692 1931 pertinet³:
1236 1858 1375 1950 tifitf‘t.

511 1964 579 2028 Quis
589 1964 693 2034 justius
707 1963 807 2018 indust
820 1980 899 2018 arms
1235 1948 1302 2030 ὲιὰι
1310 1949 1329 2030 ⁷i
1336 1954 1358 1987 er
1368 1960 1389 1996 q.

419 2049 498 2105 Scire
512 2049 601 2106 nefas.
685 2044 689 2051 '
1236 2036 1388 2121 &flegon

1236 2128 1308 2165 eom.
1318 2129 1341 2166 tn
1350 2138 1367 2167 e.

134 2116 136 2123 Ι
196 2150 218 2215 4
253 2148 326 2214 Non
351 2155 439 2213 onret
463 2155 567 2212 temen
591 2146 651 2211 hoo
678 2168 735 2213 sun
757 2146 946 2214 difficultate.
999 2148 1045 2215 Et
1066 2148 1223 2217 Adrianus
1233 2176 1377 2257 pergame.

120 2255 253 2323 ΗΘΜ»
280 2247 334 2334 (ilfi
360 2245 587 2331 Cisalpinorum
610 2245 737 2311 ultimus
762 2246 911 2311 Pontifex
937 2247 1098 2313 Romanus
1123 2248 1223 2315 faetus
1236 2218 1372 2310 Adeunt.

120 2354 179 2422 est,
196 2344 404 2411 qeontrarium
429 2343 569 2410 defendit
591 2343 785 2421 senteutiam,
803 2365 874 2431 queo
896 2345 1027 2411 stabiliri
1044 2355 1148 2433 potest
1161 2369 1224 2411 non
1236 2309 1332 2356 ΜΗ

119 2498 236 2561 profert.)
696 2514 748 2546 cum
764 2500 879 2545 hominem
895 2500 1019 2546 occidunt:
1041 2501 1084 2546 eed
1099 2516 1140 2548 nec
1155 2503 1227 2547 mam

166 2583 178 2608 ⁰
193 2573 295 2634 Seneca]
311 2576 352 2621 De
365 2575 539 2623 Controvernis
549 2587 589 2621 111.
598 2575 623 2623 9.
695 2575 819 2621 homicidce
834 2576 876 2620 itti
887 2576 1009 2635 appellari
1018 2575 1098 2621 solent.
1130 2577 1227 2623 Retulit

167 2649 271 2696 thiia
287 2650 392 2697 ciuitatis
408 2665 457 2696 eure
473 2650 523 2711 leqe
542 2663 596 2696 reue
615 2653 650 2695 eet
695 2649 826 2697 Gratianus
840 2649 865 2694 in
881 2664 958 2695 cnusae
969 2663 1050 2696 xxm.
1068 2651 1224 2710 quaestionem

120 2724 252 2785 homicidii]
268 2725 337 2772 Idem
351 2726 504 2785 Augustinus
517 2724 546 2770 de
559 2723 647 2770 libero
692 2740 715 2773 r.
746 2725 796 2784 (Ex
807 2727 890 2785 cupi.
902 2726 958 2772 dict.
970 2726 1036 2785 Lib.)

120 2800 227 2846 Arbitrio
237 2800 298 2846 libro
308 2813 326 2847 1.
358 2800 386 2846 Si
396 2800 548 2846 homicidium
559 2804 593 2846 eet
603 2799 646 2844 ho·
736 2800 747 2828 ⁸
763 2801 854 2847 Versus
871 2801 979 2857 Luceni,
996 2802 1114 2848 Phareui.
1132 2802 1187 2848 Lib.
1204 2813 1223 2848 n.

120 2875 203 2919 minen
217 2874 331 2926 occidere,
343 2878 420 2930 potest
436 2873 567 2930 aliquando
582 2873 647 2917 ccci-
691 2876 881 2929 wers.1‘.‘ii‚12't.
911 2877 940 2922 J.
952 2878 984 2920 B.

120 2948 176 2994 dere
189 2948 239 2993 tine
249 2951 358 3006 peccato,
372 2960 427 2990 nam
439 2951 460 2989 et
474 2944 648 2999 milesiorum,
739 2950 751 2981 t
777 2942 930 2986 Contrarium
951 2943 1055 3001 defendit
1074 2944 1221 3002 tentantium]

119 3021 223 3079 etjndee
232 3020 270 3066 eei
278 3019 384 3065 minister
394 3019 444 3074 eine
453 3021 575 3071 nocentem,
583 3016 649 3060 etcni
694 3014 839 3071 Exemplum
857 3013 919 3058 hunc
935 3018 1086 3074 sequentium
1103 3023 1141 3063 eet
1157 3019 1222 3075 opud

112 3096 183 3156 forte
198 3094 272 3139 invito
288 3098 360 3152 atque
376 3090 518 3150 imprudenti
533 3090 604 3135 telum
620 3089 649 3134 de
696 3086 937 3144 Scuinnburgonsem.

121 3167 302 3228 mmtnfuqerit,
311 3178 357 3211 non
366 3164 425 3209 miti
435 3162 543 3208 ridentur
547 3172 649 3220 peccare

121 3407 224 3463 certain
238 3406 296 3460 titnt
307 3405 379 3457 what
394 3404 416 3456 ie
431 3403 606 3457 commanded
624 3403 647 3455 ie
665 3411 712 3456 not
729 3402 836 3472 cpoirnt
853 3404 894 3456 the
907 3411 1027 3472 precepto
1046 3403 1083 3470 ο]
1104 3402 1173 3465 God,
1193 3421 1226 3456 or

121 3493 154 3562 is
163 3492 194 3545 he
205 3492 234 3546 be
246 3499 294 3544 not
305 3489 408 3544 certain
419 3490 477 3542 thot
489 3489 511 3541 it
525 3488 605 3547 iecor
628 3489 669 3542 the
683 3488 801 3557 iniqnity
813 3490 849 3558 eff
857 3489 897 3541 tite
916 3488 1059 3542 command
1070 3504 1135 3556 may
1148 3488 1226 3541 multe

122 3578 163 3632 tite
180 3577 245 3647 irino
260 3575 356 3645 ynilty,
374 3577 420 3628 bot
439 3574 481 3627 the
497 3574 556 3627 mele
569 3575 605 3645 of
616 3574 748 3627 obediente
761 3590 826 3642 moy
837 3573 914 3627 melre
932 3574 972 3626 the
982 3573 1079 3626 soldier
1093 3573 1224 3629 innocent.

121 3661 187 3716 And
199 3661 357 3725 elsewhere,
374 3659 402 3712 A
416 3660 521 3724 soldier,
532 3660 607 3713 wien
618 3661 648 3713 he
660 3659 721 3713 hille
733 3677 752 3712 a
763 3677 837 3723 neon,
849 3660 958 3730 obeyino
973 3659 1114 3730 lepitimote
1124 3677 1225 3730 power,

121 3748 201 3802 ienot
210 3747 298 3819 putee
313 3748 350 3817 os
358 3746 493 3800 homicide.
527 3746 565 3818 Is
575 3747 605 3800 he
620 3746 753 3800 haddone
765 3764 794 3800 eo
805 3746 915 3800 mititem
929 3745 1080 3808 command,
1094 3746 1124 3800 ite
1135 3746 1226 3800 would

122 3833 151 3887 be
165 3834 243 3887 tenete
257 3843 283 3887 to
293 3834 466 3903 punishment
471 3852 483 3893 ,·
505 3832 536 3905 if
544 3833 574 3886 ite
588 3833 622 3886 do
633 3842 680 3885 not
691 3850 720 3886 eo
733 3833 821 3885 under
832 3832 983 3893 command,
996 3833 1025 3883 he
1037 3831 1060 3881 ie
1074 3831 1131 3883 aleo
1147 3831 1226 3883 licite

122 3926 148 3972 to
156 3918 335 3987 punishment.
370 3917 435 3971 And
449 3917 538 3971 hence
550 3916 599 3970 the
611 3917 729 3986 opinion
741 3916 764 3967 ie
779 3913 955 3984 everywhere
966 3912 1103 3974 received,
1120 3913 1183 3966 thut
1194 3929 1226 3966 so

121 4002 167 4056 im·
183 4018 215 4055 us
233 4001 355 4069 subjecte
372 4017 421 4055 ure
436 4000 602 4063 concerned,
620 3997 702 4052 thore
718 4014 783 4067 may
797 3997 833 4053 be
850 4014 921 4051 wurs
936 3996 1028 4050 which
1048 4012 1097 4049 ure
1111 3997 1171 4066 just
1189 4014 1228 4052 ou

121 4086 192 4142 both
207 4086 289 4149 sidus,
303 4084 366 4139 thut
380 4084 412 4146 is,
426 4084 488 4137 iree
499 4084 573 4137 from
588 4083 724 4152 injusticu.
760 4082 799 4135 So
813 4083 920 4136 Lucan.

174 4177 192 4227 4
213 4172 272 4225 But
290 4169 346 4224 this
363 4174 467 4223 mutter
485 4169 508 4222 is
526 4174 578 4222 not
595 4166 714 4221 without
732 4166 890 4221 difficulties
908 4167 942 4220 oi
959 4167 996 4220 ite
1014 4182 1085 4220 own.
1119 4166 1228 4223 Adriun

121 4274 175 4314 onr
186 4263 381 4326 countrymnn,
396 4253 458 4308 who
478 4271 534 4308 wus
555 4253 605 4307 the
624 4252 679 4305 lust
700 4251 842 4322 Cisalpine
856 4253 945 4322 Popo,
964 4250 1082 4305 defends
1097 4250 1146 4305 the
1161 4268 1229 4304 con·

120 4348 200 4415 tmry
211 4341 336 4413 opinion.
369 4338 434 4395 And
447 4339 470 4394 it
484 4356 550 4410 may
561 4337 598 4393 be
609 4336 773 4408 supported,
785 4343 835 4391 not
844 4337 981 4409 preciseiy
993 4352 1030 4389 on
1041 4334 1105 4389 that
1118 4336 1229 4406 ground

120 4427 213 4484 which
224 4426 262 4484 he
276 4415 408 4491 innuen,
419 4425 472 4481 but
484 4440 522 4480 ou
536 4422 593 4481 this
605 4421 696 4478 which
709 4423 733 4479 is
748 4439 827 4480 more
841 4421 1026 4495 satisfactory,
1040 4420 1103 4476 thet
1114 4420 1150 4476 he
1165 4419 1228 4475 who
