3000 5062
290 309 355 371 450
473 319 526 374 DE
549 318 684 376 clUSIS
705 319 836 375 JusTIs
858 320 912 376 UT
933 320 1100 386 BELLUM,
1121 322 1206 377 ETG.
1270 325 1349 395 [Lm.
1363 326 1400 381 II.

290 491 357 548 tum
384 481 509 568 quidem
535 482 651 569 aliquid
677 481 805 559 iaciunt,
831 506 894 549 non
920 493 1024 550 autem
1051 484 1173 571 injuste,
1208 498 1401 558 annumerat

290 580 439 646 famulum
458 581 574 647 domini
595 581 796 667 imperantis:
819 582 935 669 injuste
956 592 1060 649 antem
1077 606 1148 648 eum
1171 584 1218 652 ait
1240 608 1353 676 agere,
1379 611 1400 656 a

291 700 352 765 quo
369 680 499 746 actionis
516 679 699 767 principium
720 688 788 755 est;
814 681 960 747 nimirum
978 682 1051 768 quia
1066 682 1099 747 in
1116 682 1233 751 famulo
1252 687 1303 753 vis
1320 688 1399 754 deli·

291 778 432 846 baratrix
449 779 541 867 plena
558 800 619 844 non
636 788 693 855 est,
710 788 746 844 nt
762 778 878 845 indicat
893 781 1112 866 proverbium:

501 896 605 968 Ἠμισυ
622 901 668 965 τῆς
688 895 781 968 niptris
801 895 919 969 drroaipn
937 896 1041 952 δούλιον
1057 894 1134 971 ἦμαρ.

504 1001 630 1055 Dimidia
643 1001 747 1056 virtute
762 1006 839 1056 caret
849 1003 953 1057 servire
968 1007 1091 1057 coactus.

289 1099 332 1164 Et
346 1099 477 1165 simile':

457 1200 560 1273 Ἦριου
580 1200 631 1275 γάρ
648 1224 678 1257 τε
699 1204 759 1257 νόου
775 1200 942 1274 ἅπαμεῖρετοι
964 1198 1076 1274 εὗρῦοπα
1098 1202 1161 1258 Zetis

459 1287 567 1358 Ἀνδρῶν
587 1288 631 1344 οὓς
653 1285 685 1341 ἂν
705 1287 736 1356 dr}
759 1287 822 1342 rard
843 1287 948 1342 δούλιον
964 1282 1031 1359 ἦμαρ
1051 1285 1139 1355 ἕλῃσι.

460 1385 581 1437 Tollitur
594 1385 660 1439 huic
674 1385 820 1439 hominum
834 1386 931 1456 generi
945 1402 1010 1456 pars
1024 1385 1114 1439 altera
1127 1389 1232 1443 mentis

459 1468 505 1523 Ab
519 1468 598 1532 Jove,
612 1469 742 1523 servilem
757 1470 845 1524 voluit
860 1487 931 1541 quos
946 1470 1049 1526 ducere
1062 1470 1158 1525 ritem.

198 1591 240 1629 eeu
287 1567 330 1631 Et
346 1564 422 1631 illud
439 1587 500 1651 quo
518 1564 607 1630 Philo
623 1564 741 1632 utitur:

136 1639 206 1673 ηπ.)
243 1662 249 1675 .

120 1592 243 1732 diligi?
461 1688 561 1740 Δοῦλος
577 1683 702 1756 πέφυκας.
732 1685 763 1738 οὗ
784 1685 891 1755 μέτεστί
912 1709 956 1741 σοι
976 1688 1066 1759 λόγου.

121 1728 155 1771 ⁸71
166 1736 188 1765 Β.
461 1789 540 1843 Servi
555 1793 604 1842 tua
619 1795 661 1843 est
675 1789 805 1843 fortune:
828 1787 919 1843 ¹¹ratio
933 1789 970 1843 ud
984 1794 1014 1844 te
1028 1788 1107 1843 nihil.

123 1894 242 1935 Are-'lt
289 1887 334 1952 Et
348 1885 424 1951 illud
440 1884 559 1951 Taciti:
571 1888 723 1971 principi
733 1908 894 1951 summum
910 1909 1022 1952 rerum
1030 1887 1197 1971 judiciem
1214 1889 1282 1954 Dii
1299 1891 1391 1956 dede-

286 1998 374 2061 runt,
401 1987 542 2050 subditis
575 1986 719 2070 obsequii
748 1986 860 2069 pierio
892 1987 1010 2051 relicta
1043 1999 1098 2053 est.
1150 1986 1273 2053 Narrat
1309 1988 1391 2053 idem

110 2097 171 2136 md·
181 2096 211 2135 ¹¹³·
222 2097 252 2141 ¹⁷·
286 2084 418 2171 scriptor
435 2082 556 2149 Pisonis
572 2082 667 2148 lilium
680 2105 700 2148 e
712 2083 836 2148 Tiberio
849 2083 975 2148 crimine
993 2083 1065 2148 belli
1081 2083 1178 2149 civilis
1195 2096 1387 2173 purgatum:

281 2187 395 2268 patris
411 2185 529 2267 quippe
538 2184 645 2266 jussa,
662 2205 720 2248 nec
729 2185 875 2268 potuisse
885 2184 996 2266 fllium
1014 2185 1202 2249 detrectare.
1226 2184 1388 2252 ‘'Seneca:

284 2306 395 2350 servus
411 2284 526 2347 herilis
542 2284 674 2367 imperii
690 2304 754 2346 non
771 2304 880 2347 censor
897 2294 953 2358 est,
971 2283 1028 2347 sed
1043 2285 1200 2348 minister.

116 2386 265 2474 ffifffil·
360 2384 382 2447 3
417 2382 460 2446 Et
488 2379 661 2466 specialiter
691 2380 724 2444 in
749 2380 870 2446 haedo
895 2379 1004 2446 militia
1030 2380 1200 2465 questione
1223 2380 1269 2447 ita
1293 2382 1388 2449 sensit

124 1590 169 1629 cn.

325 2557 337 2584 ²
352 2555 443 2602 Versus
449 2553 578 2610 Homerici,
586 2566 646 2612 quo
656 2557 735 2600 tamen
745 2554 810 2601 Anc-
860 2554 964 2615 Etymoi.
978 2556 1063 2616 Mace.
1081 2555 1139 2605 Vid.
1156 2554 1232 2603 Clark
1247 2560 1273 2603 et
1290 2557 1386 2605 Ernesti

282 2635 321 2676 tor
331 2643 379 2674 non
390 2643 420 2676 ex
430 2630 482 2688 ipso
491 2629 567 2684 fonte,
577 2627 618 2672 sed
630 2628 712 2686 quales
721 2628 807 2685 legun·
860 2630 954 2676 edel.
983 2630 1021 2677 M.
1037 2627 1075 2690 n]
1107 2630 1290 2677 Prnoedentem
1306 2638 1386 2678 entem

282 2709 323 2749 tur
334 2703 397 2761 apud
410 2704 560 2755 Puerorum,
575 2700 604 2744 de
614 2699 697 2759 Leqih.
708 2700 761 2745 Lib.
772 2712 807 2745 vr.
859 2715 955 2749 versum
970 2704 1051 2750 henslt
1066 2704 1190 2751 Auctore
1207 2705 1339 2763 Lonerrro,
1357 2706 1386 2753 de

282 2790 338 2836 peg.
349 2777 392 2822 777
407 2786 432 2819 Δ.
455 2773 506 2819 Ed.
513 2773 547 2819 H.
556 2772 638 2830 steps.
657 2773 710 2819 heic
726 2774 807 2821 refert.
860 2778 958 2825 bitetten.
971 2777 1032 2839 §43-
1044 2779 1089 2825 nisi
1099 2780 1164 2840 quod
1174 2779 1209 2825 lbi
1218 2780 1311 2839 legitur
1322 2781 1387 2828 dro-

282 2850 345 2897 Num
352 2849 404 2908 ipse
411 2847 487 2894 Poeta
496 2846 531 2893 itu
540 2847 614 2893 habet
622 2846 648 2892 in
655 2846 807 2895 Editionibus
859 2853 968 2899 οίνυτοι.
1002 2854 1095 2900 Rhetor
1111 2854 1184 2899 etiam
1200 2855 1270 2902 illum
1286 2858 1386 2916 proten,

281 2925 382 2972 nostris:
858 2930 981 2987 tamquam
992 2942 1022 2975 ex
1032 2928 1146 2974 Homero.
1177 2928 1249 2976 J.B.

288 3015 363 3063 Ημισν
368 3008 409 3063 γᾶρ
417 3010 435 3052 τ’
443 3009 516 3063 ι’ρετῆς
524 3009 649 3051 dunelmen
658 3006 749 3060 εὐρύοπα
757 3007 807 3053 Ζεὺς
902 3008 914 3033 ¹²
928 3002 1004 3048 Ratio
1013 3003 1048 3049 ad
1055 3006 1077 3049 ie
1086 3000 1160 3063 nibil]
1173 3002 1323 3053 Themistiu!
1333 3019 1388 3053 on·

281 3078 365 3130 helpes,
374 3077 416 3120 εὖτ’
424 3077 451 3118 οἷν
458 3093 496 3129 μιν
503 3075 557 3118 κατὰ
565 3077 650 3118 δούλιον
660 3072 716 3127 ἥμορ
725 3072 806 3123 ἕλῃσιν.
858 3076 924 3122 tione
944 3089 980 3123 ιχ,
1003 3076 1124 3137 principa
1143 3077 1231 3123 rationi
1254 3093 1308 3127 me
1328 3081 1389 3128 dide,

285 3156 370 3215 odyss.
381 3155 434 3201 Lib.
446 3168 512 3201 xvir.
523 3167 584 3200 vers.
594 3155 647 3209 322,
656 3153 709 3199 323.
734 3150 806 3210 [Lec-
857 3150 953 3207 similes,
968 3151 1056 3197 milites
1074 3151 1123 3198 irre.
1156 3151 1231 3212 (Peg.
1242 3153 1300 3201 197.
1320 3154 1389 3203 Edit.

282 3230 372 3276 tionem
384 3228 491 3275 Platonis
503 3228 594 3274 hebent
603 3232 629 3273 et
640 3227 771 3271 Athenaeus
781 3230 807 3271 et
861 3225 941 3271 Peter.
952 3226 1019 3274 1618.
1029 3225 1071 3271 ubi
1080 3226 1148 3279 illud,
1156 3227 1224 3285 quusi
1234 3240 1266 3273 ex
1277 3228 1390 3289 Platone,

283 3456 335 3510 but
347 3456 383 3510 do
395 3461 446 3509 not
458 3460 503 3509 act
518 3453 650 3526 unJustly,
667 3453 716 3508 the
731 3458 843 3509 servant
858 3453 890 3507 of
908 3452 957 3507 tho
971 3460 1077 3509 master
1090 3453 1152 3509 who
1167 3455 1334 3511 commende
1349 3456 1390 3522 in

283 3541 319 3596 he
339 3557 402 3612 says
421 3540 484 3595 that
503 3540 541 3595 he
564 3539 625 3594 who
645 3541 673 3593 in
690 3540 759 3594 such
776 3556 839 3595 case
853 3546 913 3593 acts
928 3540 1060 3611 unjustly,
1079 3539 1155 3595 ishe
1173 3540 1204 3593 in
1220 3540 1317 3595 whom
1338 3542 1391 3599 the

283 3627 372 3695 origin
388 3625 421 3678 of
429 3625 478 3678 the
493 3626 586 3679 action
599 3626 629 3678 is.
675 3626 732 3679 For
745 3626 775 3678 in
792 3625 841 3680 the
856 3630 976 3689 servent,
987 3625 1036 3679 the
1047 3641 1141 3697 power
1155 3625 1189 3679 of
1197 3624 1392 3683 deliberation

282 3711 306 3763 is
317 3715 368 3762 not
380 3708 527 3778 complete.
557 3709 597 3761 As
611 3710 640 3761 in
653 3708 702 3762 the
711 3710 838 3778 proverb,
852 3710 907 3764 and
919 3711 949 3762 in
961 3711 1076 3775 Homer,
1093 3711 1146 3765 The
1158 3711 1213 3781 dep
1223 3711 1285 3765 star
1295 3714 1392 3769 masa

282 3813 348 3848 mon
362 3812 381 3847 a
394 3793 464 3847 slave
474 3792 545 3847 takes
560 3794 625 3866 belf
634 3795 674 3846 his
685 3796 771 3848 worth
785 3813 873 3865 away.
907 3795 971 3849 And
983 3812 1014 3850 so
1026 3796 1118 3860 Philo,
1136 3796 1198 3850 Yon
1212 3813 1260 3849 cre
1271 3814 1291 3849 a
1304 3798 1393 3865 eleos,

282 3883 432 3937 winthere
447 3898 503 3952 yon
514 3890 540 3934 to
555 3881 588 3934 do
602 3880 666 3933 witi
683 3880 799 3934 reason?
835 3882 874 3935 So
892 3881 1014 3938 Tacitus.
1051 3881 1115 3936 And
1130 3881 1179 3936 the
1197 3898 1276 3936 seme
1290 3885 1393 3941 writer

281 3975 408 4024 narretes
417 3967 479 4022 that
491 3966 618 4021 Tiberius
633 3966 747 4037 forgavo
761 3966 811 4022 the
825 3968 911 4022 crime
922 3966 955 4021 oi
965 3967 1052 4022 Piso's
1064 3983 1124 4031 son,
1134 3966 1195 4021 who
1210 3971 1345 4039 engaged
1361 3972 1393 4026 in

282 4056 331 4111 tho
343 4055 407 4109 civil
422 4071 493 4107 war:
513 4053 633 4108 because
651 4053 694 4107 his
714 4053 807 4107 iether
822 4053 1015 4114 commanded,
1028 4052 1084 4107 and
1102 4052 1151 4107 the
1166 4069 1217 4106 son
1232 4055 1321 4109 could
1338 4062 1393 4112 not

282 4142 385 4197 refuso.
424 4141 462 4194 So
481 4140 589 4194 Seneca
606 4154 678 4210 says,
698 4139 751 4193 Tio
767 4139 838 4192 slave
851 4140 875 4192 ie
889 4148 935 4193 not
949 4139 990 4193 tie
1005 4139 1089 4204 critic,
1101 4140 1146 4192 but
1163 4140 1204 4193 tho
1217 4138 1348 4197 minister
1362 4144 1399 4218 ο]

283 4230 324 4282 tie
338 4228 488 4281 commend.

336 4319 353 4367 3
376 4312 440 4365 And
455 4310 603 4383 especially
615 4311 644 4363 in
658 4309 714 4364 this
726 4309 854 4381 question
869 4309 903 4363 of
914 4310 1008 4379 actiug
1022 4325 1053 4363 as
1067 4327 1085 4363 a
1099 4308 1210 4372 soldier,
1224 4308 1393 4381 Augustino

283 4413 314 4451 so
328 4396 456 4467 thought.
495 4398 540 4450 IIe
554 4413 624 4467 says,
638 4395 666 4449 A
678 4397 736 4467 just
749 4413 815 4449 mon
829 4396 919 4466 actinp
933 4414 964 4449 ns
977 4397 1082 4460 soldier,
1093 4412 1154 4449 enen
1164 4394 1253 4447 under
1267 4414 1287 4449 a
1301 4401 1392 4453 saeri-

283 4480 380 4548 lepious
391 4482 464 4553 Ιοίορ,
479 4499 543 4552 may
555 4481 655 4552 rightly
673 4480 732 4536 tete
748 4500 767 4534 a
785 4491 853 4552 port
870 4482 901 4536 in
915 4499 976 4536 war
989 4492 1018 4536 ct
1038 4483 1078 4536 hie
1095 4480 1246 4545 command,
1264 4481 1299 4552 {s
1315 4484 1349 4539 he
1364 4486 1393 4540 bo
