3000 5062
292 317 355 381 154
503 326 556 381 DE
578 323 797 380 renuamus
819 322 867 377 Ac
891 321 1184 379 SPONSIONIBUS.
1265 321 1341 390 [Lm.
1354 325 1395 380 11.

291 489 369 556 finos
383 487 466 555 nude
483 488 657 555 obnutivon.
704 485 840 565 Quodsi
859 485 977 551 Lutatii
995 484 1097 572 pactio
1114 484 1220 572 plures
1236 485 1397 555 habuisset

292 596 408 676 partes,
427 595 460 653 et
475 596 596 653 ceteras
612 595 718 674 partes
741 607 761 650 a
779 585 852 671 jure
869 585 1023 649 communi
1039 584 1189 650 abeuntes
1215 587 1398 654 observatas

292 708 313 754 u
330 686 480 754 Romanis
494 707 617 772 sempor
633 693 811 771 appareret,
829 683 896 770 jem
919 683 994 749 setin
1010 683 1101 748 firme
1117 691 1200 750 osset
1218 685 1397 773 oonjeeturn

292 785 435 874 probatae
451 784 611 871 pectionis.

369 887 391 948 4
424 884 579 949 Restabat
601 882 651 948 hie
677 881 781 947 dicore
796 880 915 966 aliquid
932 880 971 946 de
988 879 1190 966 pactionibus,
1209 904 1287 968 quur
1301 883 1398 950 duces

293 991 327 1050 et
342 982 455 1048 milites
467 1004 528 1048 non
542 983 582 1048 de
599 1004 636 1047 eo
653 981 736 1067 quod
752 980 863 1046 summi
879 987 928 1045 est
942 978 1074 1065 imerii,
1088 980 1144 1045 sed
1161 981 1200 1046 de
1217 1003 1253 1048 ro
1269 981 1398 1068 privata

293 1103 351 1148 nun
366 1089 422 1147 aut
438 1080 497 1146 sibi
513 1081 662 1167 permissa
681 1079 818 1145 feriunt:
844 1078 900 1143 sed
922 1078 963 1143 de
985 1078 1034 1143 his
1059 1078 1175 1167 egendi
1191 1081 1397 1168 opportunior

294 1179 356 1246 erit
370 1179 456 1246 loeus
472 1179 526 1246 ubi
539 1180 582 1245 nd
598 1201 637 1245 eu
652 1201 723 1264 quae
740 1178 773 1242 in
789 1177 870 1244 bello
887 1176 1031 1242 uoeidunt
1046 1187 1232 1265 perventum
1248 1179 1319 1245 erit.

350 1464 368 1513 4
390 1459 419 1513 lt
429 1459 571 1514 romnined
584 1465 614 1514 to
626 1465 701 1516 treet
712 1460 746 1516 of
754 1459 803 1515 the
816 1461 997 1516 conventione
1009 1461 1100 1515 which
1112 1461 1240 1532 generals
1252 1460 1309 1513 und
1321 1477 1399 1515 com-

296 1544 427 1599 mendere
445 1545 478 1600 of
494 1546 594 1600 armies
609 1547 700 1611 make,
721 1552 772 1600 not
783 1547 953 1617 concerning
971 1546 1098 1618 politionl
1113 1552 1239 1610 mettere,
1253 1546 1306 1600 but
1323 1546 1400 1600 their

297 1646 359 1685 own
370 1630 553 1702 proc-tinga
565 1631 620 1686 und
635 1632 775 1686 business:
796 1632 848 1686 but
860 1648 900 1686 wo
912 1632 984 1686 ebuli
996 1631 1068 1686 bevo
1079 1649 1097 1687 e
1108 1632 1202 1688 better
1214 1632 1400 1704 opportunity

297 1715 330 1770 of
345 1717 499 1790 dloounring
513 1718 569 1772 this
581 1718 611 1771 in
625 1718 746 1789 treating
761 1717 794 1772 of
805 1718 854 1773 tbe
869 1718 944 1772 rulen
960 1717 993 1772 of
1004 1718 1080 1771 Wnr.
