3000 5062
133 312 200 368 css.
217 312 311 381 xva]
458 317 510 372 ne
533 319 909 377 surnaenernrron’n.
1174 312 1237 379 177

129 500 193 565 que
210 480 320 547 eadem
338 503 430 550 causa
449 483 615 570 aequitatis,
635 485 667 551 id
685 493 742 561 cst,
761 485 975 572 rationisque
994 486 1059 552 sola
1075 496 1236 555 moverat:

130 579 182 645 Ita
207 577 415 660 interdictum,
443 587 528 651 eade
548 596 584 649 tu
600 609 649 651 use
674 589 709 651 ui
728 588 880 669 dejeceris
904 589 1088 653 hominibus
1113 591 1237 654 coactis

129 682 320 755 armatisve,
334 681 433 747 locum
445 683 563 749 habere
575 685 725 750 adversus
740 707 861 750 omnem
874 685 936 750 vim
954 708 1025 771 quse
1038 687 1079 751 ad
1096 695 1235 773 caputet

131 777 227 843 sitam
245 779 410 865 pertineat.
457 786 516 848 Ea
531 787 625 860 euim,
641 784 752 869 inquit,
762 786 953 871 plerumque
959 789 1003 868 fit
1014 808 1076 871 per
1091 788 1234 853 homiues
1246 807 1295 858 etr·
1305 808 1336 847 tt·

130 890 258 945 coactos
282 893 511 965 armatosque:
543 906 614 968 qua
637 885 668 948 si
691 884 758 948 alio
781 885 924 962 consilio,
949 887 1056 949 eodem
1082 886 1232 970 periculo

117 979 223 1061 sacta
239 980 294 1053 sit,
312 983 419 1047 eodem
427 983 506 1064 jure
522 1004 587 1048 esse
604 984 780 1048 uoluerunt.
833 983 870 1046 Iu
891 982 1115 1049 declamatione
1131 983 1231 1070 patris

131 1076 313 1154 Quintiliani
331 1080 506 1167 exemplum
524 1082 583 1145 hoc
599 1090 665 1147 est:
685 1084 797 1148 Gades
811 1084 940 1148 uidetur
952 1085 1139 1168 significare
1155 1106 1230 1150 aaa·
1243 1098 1350 1138 Dem-

127 1178 257 1261 guinem
274 1191 305 1244 et
319 1181 476 1263 sermm:
501 1183 533 1245 si
554 1184 627 1267 quis
643 1183 713 1247 alio
731 1205 844 1265 yeaere
859 1184 951 1248 hortm
966 1185 1078 1265 fiterit
1095 1184 1228 1261 occisus,

129 1277 176 1339 acl
191 1278 287 1341 illam
301 1280 396 1363 baem
413 1293 616 1346 revertemur.
652 1284 695 1347 Si
710 1284 865 1347 inciderit
883 1284 918 1346 ia
933 1283 1083 1358 latrones,
1103 1284 1180 1348 ¹aut
1193 1286 1230 1348 iu

129 1397 235 1460 aqueas
253 1380 495 1463 praecipitatus,
519 1383 551 1446 si
573 1383 608 1445 iu
638 1382 784 1466 aliquam
808 1385 997 1447 immensam
1021 1384 1230 1449 altitudinem

127 1475 266 1558 dq'ectm
279 1480 400 1562 feccrit,
427 1482 539 1545 eadem
565 1482 629 1565 leae
651 1482 876 1546 vindicabitur
896 1504 962 1567 qua
986 1484 1043 1547 ille
1059 1485 1118 1568 qui
1132 1485 1230 1567 ferro

123 1596 298 1659 percussus
326 1579 379 1643 eit.
434 1577 548 1643 Similis
577 1587 625 1645 cst
654 1580 884 1667 argumentatio
909 1580 979 1645 Isaei
1014 1581 1156 1646 oratione
1189 1583 1230 1647 de

127 1673 247 1761 Pyrrhi
268 1675 453 1754 hereditate,
480 1700 548 1742 cum
566 1701 606 1743 ex
624 1700 661 1743 eo
684 1679 767 1764 quod
792 1687 1010 1745 testamentum
1030 1679 1136 1744 Attica
1158 1679 1230 1767 lege

127 1771 1229 1865 MQQMQMMMQQMme

127 1892 167 1936 ea
181 1871 280 1938 invita
296 1875 446 1961 permitti.

203 1973 293 2038 XXI.
334 1973 439 2061 Atque
455 1974 527 2039 hinc
544 1975 692 2043 solvenda
712 1986 760 2043 est
783 1978 913 2044 celebris
931 1978 985 2043 illa
1001 1977 1140 2064 queastio,
1159 1999 1230 2063 quae

127 2072 1349 2165 mmmfflmmmmmmmmfflmmmmfflffl

126 2228 193 2275 Idem
202 2231 280 2276 calent
289 2230 411 2290 sponsalia
422 2230 485 2290 quisti
494 2232 589 2289 simlia.
615 2231 655 2277 Sic
704 2232 833 2291 sedemque
845 2234 956 2289 scribere,
966 2232 1010 2278 nisi
1021 2233 1059 2278 cui
1074 2233 1141 2293 prius
1157 2234 1230 2282 filiam

126 2302 217 2363 inlege
227 2319 271 2365 per
287 2306 380 2351 illesem
396 2306 453 2350 data
468 2306 512 2351 sub
528 2306 594 2351 bovis
609 2320 653 2351 no·
705 2304 729 2349 iu
745 2306 921 2351 matrimonium
938 2306 1173 2364 eollocaverit,juxta
1183 2307 1231 2354 Le-

125 2379 191 2426 mina
218 2381 386 2441 intelliguntur
413 2382 493 2427 emnia
524 2383 655 2429 animantia
704 2392 760 2438 gem
782 2380 885 2426 Athenis
912 2382 1075 2427 constitutam.
1106 2382 1230 2441 Deceptus

124 2461 263 2503 mausueta:
278 2459 322 2503 sub
333 2458 429 2504 nomine
440 2459 506 2517 putei
516 2459 652 2518 iossaquae-
704 2459 742 2500 est
750 2455 842 2500 :luctor
852 2456 883 2500 ab
898 2456 1035 2515 Interpretc
1048 2456 1136 2502 Latino
1151 2456 1230 2503 infeli·

124 2529 169 2587 ris,
180 2531 258 2578 Exodi
270 2532 319 2577 xxi.
335 2534 373 2579 28.
389 2537 414 2577 et
427 2533 464 2577 35.
496 2531 653 2579 chassanaus
704 2530 805 2587 maimo,
816 2532 856 2590 qui
868 2531 910 2577 iri
920 2532 1027 2576 ταύταις
1041 2532 1121 2585 vertit,
1132 2532 1157 2577 in
1173 2532 1230 2579 illa·

129 2602 245 2666 Catalapc
254 2607 338 2666 cloria
347 2606 430 2651 masnili
441 2620 465 2652 v.
476 2610 553 2666 purte,
563 2606 653 2653 consid.
704 2620 756 2651 nrm
777 2605 903 2667 [tiliarum]
925 2606 1044 2652 arbitrio:
1067 2612 1091 2652 et
1107 2606 1164 2653 cisso
1179 2610 1231 2654 τῶν

125 2680 162 2728 49.
703 2680 856 2741 θυγατέρων,
866 2681 1063 2740 insciisfiliabus,
1077 2697 1123 2728 aon
1136 2682 1230 2729 concul-

172 2755 178 2784 ¹
195 2756 277 2803 Editio
290 2756 405 2802 Obrechti
416 2757 504 2804 habet:
522 2758 550 2804 Si
560 2757 650 2805 occide
703 2756 748 2802 tis:
764 2770 837 2815 quum
848 2757 899 2801 haec
914 2757 1057 2815 significent,
1070 2758 1231 2804 nonsincillis

125 2832 158 2877 sit
169 2830 193 2877 in
204 2832 307 2877 latrinas
316 2832 407 2879 autdc.
422 2832 486 2892 quod
495 2833 651 2879 omnincrec·
703 2831 816 2877 uxoribus
834 2831 912 2877 ductis
928 2833 959 2876 ab
975 2846 1011 2888 eo,
1026 2832 1067 2891 qui
1084 2836 1230 2879 testamento

125 2907 227 2954 tlnsest.
257 2908 326 2956 J.B.
702 2906 772 2951 heres
787 2906 928 2952 instituitur.
959 2906 1030 2953 Adde
1043 2907 1096 2954 Viri
1110 2908 1229 2953 Eruditis·

170 2980 273 3029 ’Locus
291 2988 328 3029 est
343 2998 400 3043 pag.
416 2985 469 3030 400.
485 2984 555 3031 Eciit.
573 2983 650 3030 Wecls.
702 2980 755 3025 sinu
766 2979 819 3024 dac.
831 2979 947 3025 Perizonii
957 2980 1059 3026 Dissert.
1073 2981 1228 3028 Triad.Diss.

125 3056 167 3101 ud
177 3057 218 3102 ubi
228 3058 274 3103 hoc
284 3062 379 3104 tantum
389 3058 484 3113 dicitur,
500 3058 596 3103 Patrem
609 3058 651 3115 qui
702 3068 731 3101 11.
743 3068 799 3113 pag.
810 3054 950 3113 domasse.
961 3057 1002 3101 ubi
1012 3061 1077 3102 recte
1092 3056 1170 3101 locum
1187 3070 1231 3103 ex·

124 3131 187 3175 solas
199 3132 269 3191 filias,
284 3145 314 3177 ex
325 3132 393 3191 justo
408 3131 560 3177 matrimonio
576 3133 651 3187 name,
702 3129 772 3189 ponit
780 3144 788 3185 ;
803 3132 832 3172 ut
846 3128 936 3173 dudum
951 3133 1007 3188 post
1017 3129 1068 3175 haec
1078 3131 1167 3190 scripta
1176 3130 1230 3177 aul·

123 3205 246 3266 relinquit,
262 3207 380 3253 neminem
395 3218 465 3265 posse
475 3205 598 3265 adoptare,
609 3204 651 3249 he·
702 3201 828 3248 madvertl.
857 3200 884 3247 J.
897 3201 929 3245 B.

123 3447 267 3509 interdici,
295 3446 370 3500 Uada
393 3456 423 3501 tu
449 3463 490 3501 me
519 3446 546 3499 ei
563 3446 682 3518 dq'eceris
703 3445 852 3500 homiuibus
874 3444 970 3499 coactis
995 3442 1148 3506 armatum,
1172 3442 1229 3498 will

125 3530 194 3585 hold
213 3532 322 3601 against
340 3533 376 3586 all
395 3532 473 3587 t'orco
495 3532 687 3603 endangoring
706 3532 763 3596 lite,
782 3531 890 3603 though
908 3530 989 3586 there
1007 3547 1072 3601 may
1089 3536 1140 3583 not
1157 3529 1194 3585 be
1211 3546 1230 3585 a

125 3618 201 3689 body
220 3617 254 3671 of
273 3619 369 3673 armod
389 3635 463 3673 mon.
498 3618 537 3672 As
559 3619 657 3673 Cicero
676 3636 748 3691 says,
770 3618 820 3672 the
842 3618 915 3689 legal
935 3618 1019 3672 effect
1038 3616 1125 3671 isthe
1140 3633 1226 3672 same.

125 3705 164 3758 So
181 3704 336 3768 Quintilian
350 3722 421 3778 says,
439 3706 558 3760 Murcia·
571 3722 660 3760 seems
675 3712 705 3760 to
722 3704 809 3776 imply
823 3705 893 3760 stcel
912 3720 1041 3775 wcapons
1056 3703 1112 3757 and
1128 3703 1213 3759 blood
1219 3722 1228 3770 ς

124 3790 176 3844 but
190 3791 216 3844 if
227 3807 283 3862 any
298 3808 352 3846 ono
367 3794 390 3846 is
405 3791 490 3845 killed
511 3792 540 3844 in
555 3808 611 3862 any
625 3791 707 3846 other
722 3809 790 3862 way,
805 3808 846 3846 we
860 3790 918 3845 still
938 3808 1021 3846 rccur
1034 3797 1065 3844 to
1081 3790 1144 3844 that
1157 3790 1226 3846 law:

124 3875 170 3930 for
181 3877 317 3941 instance,
328 3878 353 3930 if
361 3878 410 3932 the
422 3895 487 3931 man
499 3878 536 3931 be
547 3876 656 3932 thrown
668 3877 743 3933 from
755 3895 771 3930 a
785 3878 933 3949 precipice.
959 3878 997 3931 So
1006 3877 1100 3939 Isacus,
1108 3877 1229 3931 because

124 3960 163 4032 hy
177 3961 225 4016 the
239 3963 316 4017 Attic
330 3963 397 4017 Low
412 3980 430 4017 a
444 3969 596 4018 testamcnt
611 3963 693 4018 could
708 3970 759 4017 not
774 3963 809 4016 be
824 3963 907 4016 made
921 3960 972 4032 [by
986 3978 1004 4014 a
1017 3961 1112 4014 father
1126 3960 1230 4031 having

124 4063 162 4100 no
180 4045 244 4115 son]
258 4050 366 4119 against
383 4049 432 4103 the
450 4048 552 4104 willel
565 4065 583 4103 a
598 4047 745 4118 daughter,
763 4046 849 4101 infers
867 4045 930 4101 that
946 4062 982 4099 an
995 4044 1130 4116 adoption
1145 4044 1230 4098 could

124 4139 175 4187 not
188 4134 223 4188 bc
237 4135 320 4188 made
334 4135 452 4189 without
466 4134 518 4189 hor
530 4140 654 4189 consent.

181 4220 264 4274 XXI.
303 4220 367 4274 And
390 4236 427 4274 on
451 4220 531 4275 these
553 4217 705 4290 principles
727 4216 751 4270 is
772 4222 802 4270 to
819 4215 856 4271 bo
874 4213 969 4270 solred
988 4212 1051 4267 that
1068 4210 1229 4269 celebrated

124 4305 254 4374 question
272 4305 363 4359 which
380 4322 422 4361 we
440 4304 511 4360 have
533 4306 563 4358 in
582 4303 698 4365 Gellius,
715 4302 803 4356 about
820 4318 837 4356 a
855 4299 1047 4363 commission;
1065 4297 1192 4353 whether
1205 4300 1229 4355 it

124 4405 189 4463 may
210 4390 246 4445 bc
265 4391 395 4457 iulllllod,
409 4399 460 4446 not
477 4391 516 4463 by
530 4390 579 4445 tho
594 4386 728 4443 identical
743 4387 824 4458 thing
838 4384 973 4451 directed,
991 4384 1043 4440 but
1056 4384 1095 4458 by
1109 4383 1230 4440 another

123 4476 236 4547 equally
251 4475 345 4531 useiul
365 4493 398 4531 or
416 4492 495 4532 moro
510 4474 603 4531 useiul
618 4474 688 4529 than
707 4472 770 4529 that
787 4470 879 4529 which
898 4487 954 4529 was
974 4471 1104 4543 enjoined
1118 4471 1156 4547 by
1169 4468 1230 4527 him

1084 4570 1128 4635 12

225 4620 421 4714 [unor.1n]
