3000 5062
303 294 367 357 142
512 302 566 359 DE
587 300 806 357 annuamus
827 299 876 356 AO
899 297 1193 356 SPONSIONIBUS.
1278 293 1352 369 [Ina
1364 298 1403 354 II.

375 467 395 530 8
429 463 609 531 Notandum
626 471 658 530 et
679 463 747 541 hoc,
771 461 910 550 pejorem
929 460 1024 528 fuisse
1040 483 1165 528 causam
1187 482 1297 527 eornm
1313 461 1368 549 qui
1383 484 1405 528 a

303 563 424 631 Jacobo
447 563 509 630 orti
526 563 630 629 Deum
654 563 733 629 bens
750 561 907 650 cognitum
929 561 1142 638 deseruerant,
1160 583 1255 648 quam
1276 561 1407 649 populo-

214 720 217 726 .
302 685 373 729 rum
394 673 623 730 extraneorum.
674 662 756 727 Nam
781 661 812 725 in
833 660 1006 726 defectores
1027 660 1097 726 illos
1118 660 1216 726 ceteri
1238 661 1408 749 populares

303 764 506 829 armabantur
523 762 614 849 qlego
631 782 702 847 quae
718 768 821 826 exstat
836 761 932 826 Dent.
950 759 1014 826 xiii.
1029 763 1082 824 13.

381 865 401 928 9
434 863 493 927 Est
518 871 551 927 et
575 860 629 926 ubi
656 860 821 946 culpantur
848 857 968 938 federa,
997 859 1037 925 ob
1060 858 1155 925 animi
1184 859 1295 926 vitium
1322 861 1408 927 unde

140 978 283 1022 arcuna
304 961 536 1048 procedebant;
561 958 607 1025 ita
623 981 643 1025 a
659 959 819 1047 Propheta
834 960 1044 1045 reprehensus
1058 959 1132 1036 Asa,
1151 958 1235 1045 quod
1252 958 1293 1025 ad
1309 959 1407 1026 socie·

140 1029 279 1114 lidi-viil&
305 1069 400 1126 tatem
423 1060 500 1149 Syri
521 1083 555 1126 se
572 1057 752 1126 contulisset
769 1059 840 1122 Deo
860 1058 995 1124 diffisus:
1021 1058 1105 1145 quod
1130 1058 1311 1124 ostenderat
1336 1082 1407 1125 cum

304 1181 357 1226 res
372 1162 442 1225 Deo
459 1168 597 1226 sacratas
613 1158 654 1224 ad
672 1157 790 1244 Syrum
812 1156 960 1223 mitteret.
1013 1157 1076 1224 Sed
1096 1178 1210 1244 nempe
1226 1159 1300 1222 Rex
1323 1157 1406 1224 idem

141 1272 287 1314 nusum
306 1259 448 1345 culpatus
472 1259 555 1345 quod
575 1257 607 1322 in
628 1256 753 1323 medicis
777 1278 864 1343 spem
885 1256 1047 1342 posuisset,
1070 1278 1133 1321 non
1153 1256 1185 1321 in
1204 1257 1282 1322 Deo.
1333 1259 1407 1323 Non

140 1321 214 1359 Ambe.
222 1320 252 1358 sd

140 1369 201 1452 χοῖ
210 1365 282 1450 5⁸²³
307 1379 384 1446 ergo
410 1380 450 1424 ex
472 1359 531 1423 hac
555 1357 685 1423 historia
705 1355 804 1444 magis
825 1356 976 1443 sequitur,
1003 1378 1061 1444 per
1080 1377 1115 1421 se
1137 1364 1193 1421 aut
1216 1357 1408 1445 generaliter

140 1419 288 1544 gvgg‘ffml
307 1457 422 1522 malum
447 1479 514 1522 esso
537 1455 715 1522 societatem
740 1455 925 1521 contrahere
951 1477 1020 1522 cum
1046 1454 1160 1522 talibus
1185 1455 1293 1541 quales
1315 1464 1408 1522 erant

308 1555 393 1644 Syri,
411 1577 505 1643 quam
521 1555 656 1622 medicos
675 1553 844 1622 consulere.
887 1553 991 1622 Multa
1009 1555 1091 1621 enim
1108 1576 1171 1620 non
1192 1553 1300 1621 illicita
1316 1555 1408 1622 vitiat

141 1673 286 1714 amun·
306 1655 436 1734 animus,
461 1665 498 1722 ut
526 1678 651 1721 censum
679 1654 713 1718 in
738 1652 871 1730 Davide,
898 1654 1117 1720 thesaurorum
1142 1653 1349 1720 ostensionem
1374 1655 1408 1720 in

141 1721 292 1815 isbiffl·
305 1755 448 1822 Ezechia.
501 1754 553 1822 Sic
572 1755 647 1821 alibi
671 1752 782 1820 fiducia
801 1752 835 1818 in
856 1753 1014 1842 AEgyptio
1034 1752 1135 1841 posita
1154 1753 1407 1840 reprehenditur,

142 1860 276 1912 malm·
305 1877 375 1920 cum
404 1863 510 1922 tamen
539 1854 697 1933 Solomoni
725 1875 795 1918 cum
824 1853 981 1942 AEgyptio
1010 1852 1192 1919 affinitatem
1219 1854 1408 1920 contrahere

304 1953 436 2020 deussit

143 2073 286 2116 neamus
379 2057 421 2121 10
457 2053 577 2134 Quibus
593 2060 627 2119 et
642 2053 702 2118 hoc
718 2052 895 2118 addendum
910 2059 967 2129 est,
984 2052 1137 2118 Hebraeos
1151 2053 1210 2118 sub
1227 2060 1314 2119 statu
1327 2051 1408 2141 legis

142 2122 161 2167 ⁷'
305 2154 421 2219 veteris
437 2154 570 2220 disertas
586 2151 730 2219 habuisse
752 2150 968 2239 promissiones
985 2151 1123 2218 victoriae
1140 2151 1167 2218 si
1183 2151 1284 2240 legem
1301 2152 1408 2218 obser-

306 2262 428 2331 varent,
446 2275 508 2339 quo
526 2253 627 2318 minus
648 2250 872 2317 recurrendum
889 2250 1048 2317 habebant
1063 2251 1105 2317 ad
1126 2252 1263 2317 humana
1278 2250 1408 2317 auxilia.

143 2362 230 2454 griffi
240 2363 292 2447 22:st
307 2351 446 2420 Exstant
462 2352 587 2440 quidem
603 2359 636 2418 et
651 2350 737 2439 apud
755 2350 950 2416 Solomonem
971 2350 1133 2416 senwntiae
1150 2373 1213 2416 non
1228 2371 1347 2438 pauca,
1366 2350 1408 2417 de

142 2455 179 2502 ⁸⁴³
190 2457 247 2494 ω’·
255 2455 272 2494 ¹·
307 2451 443 2518 vitandis
457 2450 619 2518 consortiis
631 2450 804 2537 impiorum.
839 2450 902 2516 Sed
915 2451 982 2515 haee
998 2449 1173 2538 prudentiae
1190 2449 1308 2515 monita
1322 2457 1407 2528 sunt,

306 2572 369 2615 non
391 2550 470 2639 legis
486 2559 664 2638 praecepta:
689 2558 722 2615 et
738 2548 791 2614 illa
807 2548 875 2636 ipsa
894 2549 1022 2626 monita,
1042 2557 1079 2616 ut
1099 2549 1229 2615 moralia
1245 2548 1406 2637 pleraque,

307 2649 456 2735 plurimas
472 2650 590 2715 habent
606 2647 811 2734 exceptiones.

382 2748 424 2812 X.
468 2751 487 2812 1
521 2749 590 2813 Lex
606 2755 710 2812 autem
732 2746 896 2836 Evangelii
912 2747 989 2813 nihil
1008 2747 1067 2813 hae
1091 2746 1125 2813 in
1147 2754 1238 2835 parte
1254 2747 1406 2815 mutavit:

142 2860 294 2950 yfflcglr·
307 2844 368 2913 imo
394 2846 494 2935 magis
516 2846 610 2913 etiam
631 2846 718 2912 favet
741 2846 909 2924 federibus,
929 2846 1041 2933 quibus
1063 2846 1106 2924 hi,
1123 2846 1178 2933 qui
1196 2869 1217 2912 a
1239 2846 1408 2936 Religione

143 2954 288 3039 melfiam
307 2945 399 3011 alieni
417 2955 498 3023 sunt,
517 2945 549 3011 in
571 2967 663 3011 causa
680 2945 768 3032 justa
787 2946 1000 3022 sublevantur,
1023 2945 1098 3031 quia
1114 2945 1349 3012 beneficentiam
1373 2945 1407 3012 in

142 3046 258 3130 {lgm
307 3045 432 3130 quosvis
447 3045 595 3122 homines,
619 3045 694 3110 data
707 3045 872 3121 occasione,
891 3066 953 3109 non
969 3043 1099 3109 liberam
1121 3045 1213 3110 modo
1230 3044 1357 3129 reliquit
1373 3053 1407 3111 et

142 3137 275 3221 Ἥςξι,
306 3143 500 3222 laudabilem,
522 3145 576 3210 sed
594 3153 627 3210 et
650 3143 706 3210 sub
722 3153 879 3230 praecepto
901 3141 1012 3229 posuit.
1065 3142 1152 3208 Nam
1176 3142 1239 3209 Dei
1252 3143 1406 3231 exemplo,

142 3228 285 3321 nfltl'ttl
307 3244 360 3331 qui
376 3245 471 3311 solem
495 3243 570 3310 oriri
587 3243 661 3308 lacit
678 3243 766 3308 bonis
783 3252 816 3307 et
832 3241 930 3319 malis,
948 3250 981 3308 et
997 3240 1104 3327 pluvia
1115 3250 1265 3328 utrosque
1281 3242 1408 3308 humec-

141 3320 217 3360 Μ
227 3321 284 3360 ''⁴⁵'
305 3352 362 3424 tat,
375 3343 522 3432 jubemur
537 3343 655 3408 nullum
672 3341 830 3407 hominum
848 3362 947 3429 genus
963 3362 984 3405 a
1001 3339 1154 3406 beneficiis
1168 3340 1284 3407 nostris
1301 3341 1411 3407 exclu-

416 3522 428 3556 (ι
442 3512 506 3572 Lege
515 3525 568 3572 quoe
578 3515 655 3557 aaut
665 3511 741 3557 Dent.
751 3510 803 3557 xiil.
813 3509 862 3570 13.]
878 3511 950 3557 Adde
961 3509 1096 3571 exemplum
1107 3508 1127 3557 J
1128 3524 1192 3557 caure
1201 3524 1223 3556 o.
1233 3509 1291 3557 xxii.

365 3764 382 3813 8
419 3758 543 3814 Observa
561 3757 624 3813 that
642 3758 691 3815 tho
713 3776 777 3815 case
791 3777 847 3814 uas
869 3778 957 3818 worse
976 3763 1044 3819 with
1063 3762 1112 3818 the
1128 3761 1190 3818 Ten
1204 3760 1313 3827 Tribes,
1335 3762 1409 3828 vvho,

306 3844 415 3916 though
429 3843 586 3898 descended
600 3844 673 3898 from
683 3845 782 3909 Jacob,
796 3845 854 3900 hed
869 3847 998 3903 desorted
1012 3849 1084 3914 (lod,
1098 3847 1168 3904 than
1183 3846 1250 3902 vvith
1262 3846 1369 3904 others.

365 3935 382 3985 9
412 3930 580 3984 Sometimes
596 3930 655 3984 also
674 3932 789 3985 treatics
803 3948 852 3986 arc
867 3933 1042 3988 condemned
1057 3951 1095 3989 on
1108 3937 1229 3988 account
1243 3932 1277 3987 of
1284 3932 1335 3987 the
1350 3934 1409 3989 bad

306 4017 411 4071 motivo
436 4015 511 4070 lrom
533 4014 624 4068 which
644 4015 712 4088 they
730 4014 897 4088 proceeded.
936 4019 1055 4082 Thus,2
1079 4019 1182 4073 Chron.
1204 4018 1260 4074 xvi.
1280 4024 1308 4084 2,
1328 4018 1408 4075 Asa's

306 4102 407 4173 lengue
435 4101 502 4156 with
525 4100 575 4155 the
605 4101 727 4172 Syrians.
766 4103 805 4157 So
834 4103 916 4159 other
941 4104 1023 4175 kings
1048 4105 1157 4159 sinned.
1195 4102 1259 4158 And
1279 4109 1354 4160 trust
1376 4105 1409 4160 in

306 4190 401 4260 Egypt
416 4186 641 4251 incondemneds
652 4187 705 4242 but
721 4187 854 4244 Solomon
869 4189 952 4245 mado
966 4207 983 4244 a
998 4190 1097 4260 lcaguo
1110 4187 1179 4244 with
1191 4188 1296 4262 Egypt.

366 4280 399 4328 10
428 4273 576 4328 Morcover
598 4271 648 4327 tho
676 4273 810 4330 Hebrevvs
827 4274 884 4329 had
907 4292 926 4330 a
947 4276 1069 4347 promise
1095 4276 1128 4331 of
1151 4291 1261 4330 success
1286 4272 1313 4329 if
1338 4273 1410 4348 they

308 4358 416 4431 obcyed
428 4358 477 4414 tho
498 4359 559 4422 lavv,
577 4358 633 4412 and
654 4375 685 4414 so
708 4359 758 4414 did
774 4366 826 4416 not
843 4362 916 4416 need
936 4360 1043 4415 human
1065 4360 1121 4415 aid.
1167 4358 1326 4416 Solomon's
1342 4377 1410 4431 pre-

307 4450 386 4515 cepts
400 4444 431 4497 in
444 4443 494 4500 the
507 4443 647 4500 Proverbs
668 4444 756 4503 about
772 4445 913 4520 shunning
930 4445 980 4508 the
1001 4444 1160 4520 lellovvship
1182 4445 1216 4501 of
1233 4445 1283 4502 tho
1298 4445 1410 4502 wicked
