3000 5062
287 301 309 364 4
619 309 782 375 QUANDO
803 309 968 366 IMPERIA
988 311 1064 366 VEL
1264 307 1338 383 [Lm.
1351 313 1398 371 11.

285 471 440 537 nemiuem
457 479 598 539 nostrum
624 473 757 540 eundem
773 496 841 541 esse
864 475 896 540 in
916 482 1085 551 senectute,
1109 473 1163 560 qui
1183 473 1243 541 fuit
1256 475 1392 562 juvenis,

182 601 186 607 ·
284 581 321 638 ut
347 571 386 636 de
416 572 548 638 matoria
572 573 638 638 sola
667 573 881 661 intelligatur3
908 575 1085 660 ‘quomodo
1115 574 1294 639 Heraclitus
1322 574 1395 640 dix-

284 679 363 750 erat,
394 670 510 737 citante
543 673 674 738 Platone
703 672 735 736 iu
764 676 907 758 Oratyto,
937 683 970 738 et
1003 673 1123 738 Seneca
1143 672 1224 738 dicto
1253 673 1331 751 loco,
1359 674 1394 740 in
1454 747 1457 752 ,

284 769 367 835 idem
385 771 499 835 flumen
523 771 570 836 bis
592 794 648 836 nos
671 793 735 836 non
761 772 969 837 descendere:
996 772 1080 857 quod
1099 781 1185 837 recte
1199 771 1242 837 sic
1259 772 1393 862 corrigit

285 870 425 936 Seneca:
450 873 568 936 Manet
585 874 672 937 idem
681 874 835 955 flaminis
854 894 976 945 nornen,
1003 894 1093 953 aqua
1114 873 1311 937 transmissa
1331 885 1390 938 set.

285 969 373 1035 Sicut
399 979 432 1036 ct
457 971 648 1036 Aristoteles
673 971 788 1035 flumen
811 971 925 1056 populo
945 991 1129 1056 comparans
1150 969 1239 1046 dixit,
1262 971 1393 1036 flumina

284 1068 393 1132 eadem
420 1069 526 1132 vocari
557 1090 733 1154 quanquam
764 1067 826 1134 alia
854 1070 966 1134 subeat
992 1090 1115 1154 semper
1140 1090 1232 1154 aqua,
1256 1068 1318 1134 alia
1336 1070 1393 1134 ds-

283 1167 383 1232 cedat
437 1167 549 1253 Neque
577 1189 651 1232 vero
679 1175 785 1232 manet
810 1188 923 1232 nomen
949 1167 1061 1231 inane:
1089 1168 1145 1232 scd
1172 1176 1205 1233 et
1231 1164 1296 1256 ἕξις
1323 1167 1390 1246 illa,

282 1286 377 1351 quam
404 1265 512 1329 Conon
536 1265 644 1330 definit
669 1263 734 1353 ἕξιν
761 1260 917 1344 σώματος
941 1261 1145 1347 caves-rareio,
1175 1266 1264 1331 Philo
1294 1295 1391 1335 πνευ-

282 1360 420 1443 ματικὸν
442 1360 593 1458 συνέχον,
619 1364 733 1430 Latino
756 1386 879 1451 quoque
902 1365 1046 1452 spiritum
1063 1374 1183 1430 vocant.
1232 1365 1283 1431 Sic
1309 1388 1392 1454 ergo

283 1463 424 1549 populus,
452 1466 590 1528 Auctore
612 1463 756 1549 Alpheno
778 1472 811 1528 et
834 1464 1003 1530 Plutarcho
1021 1464 1149 1530 dosera
1171 1464 1304 1530 numinis
1321 1464 1388 1529 viu-

283 1562 375 1638 dicta,
403 1561 486 1626 idem
514 1563 574 1627 hoc
603 1571 743 1648 tempore
770 1571 900 1649 putatur
929 1563 981 1650 qui
1007 1563 1121 1628 abhinc
1147 1574 1269 1628 centum
1297 1563 1389 1629 annis

282 1661 351 1738 suit,
380 1682 449 1725 curn
478 1683 517 1725 ex
547 1660 608 1726 illis
633 1684 724 1726 nemo
755 1684 837 1726 nunc
863 1661 961 1728 vivit:
994 1658 1110 1755 μέχρις
1134 1657 1174 1729 ἂν
1197 1659 1217 1744 ἦ
1244 1665 1387 1731 ποιοῦσα

281 1758 335 1827 sai
362 1752 541 1827 συνδέουσα
568 1761 642 1831 ταῖς
673 1756 869 1827 ἐπιπλοκαῖς
896 1762 1039 1828 κοινωνία
1066 1759 1130 1842 τήν
1155 1757 1301 1842 ἑνότητα
1320 1754 1388 1828 δια-

281 1854 457 1958 φυλάττῃ·
483 1861 643 1946 quamdiu
659 1860 732 1935 itta,
747 1882 819 1945 qua
829 1862 992 1946 populum
999 1863 1094 1945 facit
1110 1873 1140 1925 et
1156 1864 1280 1926 mesticis
1296 1862 1391 1927 naai-

281 1960 339 2025 bus
355 1962 467 2037 vincit,
486 1961 666 2026 communio
676 1959 736 2044 jos
752 1961 895 2025 unitatis
916 1983 984 2026 sace
1003 1972 1112 2025 servat
1122 1983 1134 2038 ,·
1161 1981 1231 2044 quae
1248 1958 1386 2045 ejusdcm

279 2058 441 2124 Plutarchi
457 2059 490 2124 iu
507 2061 566 2125 hac
582 2082 618 2125 re
635 2060 733 2125 verba
754 2069 838 2128 sunt.
890 2061 934 2125 Et
951 2059 1024 2124 hinc
1040 2068 1127 2123 ortus
1144 2080 1210 2122 mos
1227 2058 1383 2143 loquendi,

278 2215 380 2274 tripima
388 2220 471 2273 aptam
481 2216 552 2261 remis
561 2216 808 2262 conseroamntdtlse-
857 2216 1022 2262 Tertullianus
1029 2214 1092 2272 juris
1103 2214 1174 2258 valde
1183 2214 1275 2271 peritus
1284 2214 1346 2259 libro
1357 2215 1386 2261 de

278 2289 368 2334 aienses
376 2288 411 2333 ad
419 2302 491 2348 usque
500 2293 606 2346 tempora
613 2287 731 2333 Demetrii
737 2288 808 2332 Pha·
856 2286 1036 2332 Resametione
1047 2284 1135 2330 Camr's
1145 2285 1211 2341 (cap.
1223 2284 1267 2335 60)
1276 2299 1282 2329 2
1294 2285 1388 2333 Narem

279 2362 384 2418 terensis,
394 2361 552 2408 subtrahendo
562 2361 630 2420 liqna
639 2365 751 2406 vetustate
765 2374 807 2407 co·
852 2359 962 2419 procella
972 2359 1113 2416 dissipatam
1121 2358 1158 2403 vel
1164 2359 1229 2403 carie
1239 2358 1392 2419 dissolutam„

278 2436 353 2493 riosa,
363 2435 573 2494 ralsjs'cs'sndootia,
580 2436 649 2480 aaut
659 2434 807 2491 cohererent,
857 2432 960 2478 redactis
974 2437 996 2477 et
1011 2431 1129 2477 recurats's
1145 2433 1249 2478 omnibns
1268 2436 1385 2492 memhris,

278 2512 339 2557 ands
359 2517 381 2557 et
396 2512 524 2569 esmnplum
541 2511 591 2555 tsoec
607 2508 676 2553 υαυίε
683 2508 758 2566 sucta
774 2513 808 2553 est
856 2507 952 2552 eandem
969 2520 1031 2566 saepe
1049 2508 1216 2565 conspuimus,
1231 2509 1301 2554 etiam
1316 2511 1384 2556 titnlo

276 2584 426 2642 philosophis
445 2583 620 2641 disputantibus
639 2581 668 2627 de
685 2595 714 2627 ea
729 2595 806 2641 φατε·
855 2584 1010 2629 restitutionis
1024 2584 1171 2644 gloriantem.
1205 2586 1318 2646 Intellige
1332 2602 1384 2634 nsa-

278 2658 348 2714 tione,
364 2671 416 2716 pus
433 2657 461 2701 de
476 2655 652 2715 augescentibus
669 2655 765 2711 dicitur,
781 2657 808 2702 ia
855 2661 929 2703 nante
950 2659 1039 2711 cadus,
1063 2661 1183 2717 quomodo
1208 2675 1255 2706 vox
1279 2663 1384 2709 resolata

278 2745 327 2791 qua
346 2731 408 2776 hone
427 2744 509 2775 navem
533 2729 569 2775 ad
592 2730 677 2775 ultima
702 2735 807 2789 tempora
857 2731 949 2793 [Immo
973 2733 1091 2794 dissolvit]
1116 2736 1187 2781 etiam
1218 2738 1333 2783 sumenda
1357 2739 1383 2783 ln

278 2804 458 2864 eandemfaisse
473 2804 595 2866 affirmant
610 2803 644 2860 ht,
659 2804 698 2850 illi
712 2811 805 2865 negant.
855 2806 925 2852 Pauli
940 2808 1017 2853 verbis
1032 2808 1048 2854 l.
1064 2809 1128 2854 inter
1142 2811 1305 2869 stipulantem.
1317 2811 1382 2871 7a§

279 2878 352 2938 (Peg.
364 2881 393 2925 lo
403 2877 438 2937 c.)
462 2880 491 2924 ln
502 2878 718 2924 haccontrouersia
727 2893 742 2924 a
751 2880 805 2938 phi·
854 2896 954 2928 moram.
966 2885 989 2930 5.
1001 2882 1034 2930 Ι).
1050 2884 1081 2929 ds
1097 2886 1162 2930 verb.
1174 2886 1248 2945 oblig.
1269 2887 1346 2946 ldqne
1356 2892 1383 2933 st

278 2954 384 3013 losophts
398 2954 521 2999 decertata
535 2954 667 3013 prudenter
680 2954 805 3000 iuriscon-
855 2956 919 3015 spnd
928 2955 1103 3002 Tertullianum
1111 2959 1276 3017 praecedentia,
1283 2966 1308 3006 et
1317 2962 1387 3021 apud*

279 3029 337 3075 sulti
355 3028 460 3075 aientem
487 3034 580 3088 partem
606 3030 742 3088 praetulere.
772 3030 808 3076 Et
855 3029 957 3075 Paulum
973 3032 1098 3090 sequentia
1117 3033 1237 3079 evincunt.
1267 3034 1338 3080 Philo
1353 3035 1383 3080 ds

278 3251 382 3302 matter
393 3246 427 3301 of
437 3245 526 3302 which
539 3264 579 3302 wo
588 3248 707 3313 consist3
720 3265 750 3303 as
762 3248 922 3304 Heraclitus
937 3249 1006 3313 said,
1018 3249 1168 3320 according
1177 3255 1206 3303 to
1219 3248 1268 3303 tho
1281 3255 1381 3318 quotu·

277 3333 338 3389 tion
350 3333 383 3388 ot
392 3334 474 3388 Plato
486 3335 515 3387 in
527 3333 576 3389 tho
591 3334 727 3406 Oratplas,
737 3337 793 3389 and
806 3336 915 3390 Seneca
926 3336 955 3389 in
968 3335 1016 3391 tho
1028 3335 1117 3390 above
1129 3335 1202 3390 cited
1216 3335 1305 3404 place,
1317 3333 1380 3390 that

277 3436 318 3473 we
328 3427 431 3474 cannot
442 3419 527 3475 bathe
541 3422 620 3476 twice
629 3423 658 3475 in
670 3422 719 3476 the
728 3439 805 3477 same
817 3424 903 3476 river:
917 3422 1006 3476 which
1020 3423 1128 3475 Seneca
1136 3419 1240 3489 rightly
1250 3426 1381 3484 correcta,

277 3502 315 3571 by
332 3507 430 3574 saping
447 3504 497 3558 the
515 3523 597 3559 namo
616 3506 649 3559 of
657 3507 706 3560 the
721 3509 794 3562 river
808 3508 939 3568 remeius,
954 3506 1003 3559 tho
1019 3512 1105 3558 water
1116 3520 1219 3572 posses.
1251 3503 1288 3555 So
1302 3503 1380 3558 Aris-

277 3588 358 3652 totle,
375 3589 538 3659 comparing
552 3607 569 3643 a
583 3591 657 3644 river
672 3598 702 3645 to
720 3610 738 3646 a
755 3593 866 3664 peoplc,
883 3605 954 3658 says,
973 3588 1035 3641 that
1050 3589 1136 3640 rivers
1153 3601 1202 3637 aro
1223 3585 1314 3638 called
1329 3587 1383 3641 the

277 3688 362 3736 samo,
376 3673 483 3743 though
495 3691 556 3728 new
570 3683 655 3730 water
667 3679 689 3731 is
704 3679 864 3746 constantly
876 3674 988 3742 coming
1002 3672 1040 3734 in,
1055 3669 1102 3724 old
1116 3678 1203 3721 water
1216 3669 1302 3738 going
1316 3677 1376 3727 out.

277 3757 339 3810 Nor
350 3759 373 3811 is
384 3759 407 3812 it
419 3758 467 3812 the
479 3767 576 3831 empty
587 3779 669 3818 name
682 3764 771 3820 which
785 3760 920 3821 remains;
935 3757 987 3811 but
1001 3755 1064 3810 that
1075 3754 1163 3816 habit,
1176 3753 1267 3806 which
1280 3754 1379 3813 Conon

278 3842 384 3898 defines
399 3861 429 3898 as
451 3862 469 3898 a
490 3847 562 3901 trabit
577 3850 685 3920 holding
708 3852 749 3904 tle
770 3841 1041 3918 congregatarum
1057 3839 1149 3904 Philo,
1170 3855 1200 3892 ³⁸
1218 3856 1236 3892 a
1249 3841 1380 3910 spirismt

277 3929 354 3992 band,
372 3930 427 3984 und
442 3930 532 3985 which
550 3933 600 3989 the
614 3936 712 3989 Latias
727 3935 786 3989 also
798 3931 853 3988 call
869 3931 909 3983 tlte
926 3928 1007 3999 spirit
1024 3926 1056 3980 of
1069 3924 1117 3979 the
1132 3925 1221 3997 thing.
1268 3927 1345 3984 Thus
1360 3948 1380 3986 a

276 4014 390 4086 People,
403 4034 433 4071 as
449 4016 592 4088 alphenus
604 4022 660 4075 and
676 4004 812 4076 Plrrthrch
823 4033 882 4087 say,
894 4015 917 4068 is
928 4013 1068 4069 rechoned
1082 4011 1131 4066 the
1143 4029 1219 4066 samu
1231 4029 1294 4066 now
1309 4032 1339 4069 as
1354 4017 1379 4072 it

276 4117 331 4156 was
346 4120 364 4156 a
375 4102 505 4158 hundred
517 4123 597 4177 years
608 4124 669 4178 ugo,
680 4106 789 4177 though
801 4118 876 4158 noue
888 4099 921 4155 of
931 4100 1012 4154 those
1026 4098 1088 4153 who
1101 4099 1174 4153 lived
1188 4097 1256 4154 then
1268 4099 1291 4155 is
1303 4102 1378 4158 alive

275 4183 347 4249 ΠΜ,
364 4189 404 4242 Aa
416 4191 478 4260 hang
492 4209 523 4246 as
545 4194 603 4246 stas
616 4194 787 4248 communion
804 4189 889 4244 which
905 4187 995 4242 makes
1006 4205 1025 4240 a
1033 4187 1126 4258 psople
1139 4187 1197 4239 aad
1210 4186 1286 4240 biads
1300 4187 1322 4242 it
1337 4197 1378 4242 to·

274 4272 362 4338 petitor
382 4275 446 4327 with
466 4281 573 4331 mrstaat
594 4282 676 4334 bonde
687 4296 820 4351 procoma
837 4277 872 4330 its
883 4276 969 4345 anitp,
984 4291 1014 4328 as
1030 4270 1165 4327 Plutarch
1187 4288 1330 4342 expresses
1344 4274 1377 4328 it.

274 4355 338 4409 And
350 4356 439 4413 hence
447 4363 533 4416 crisos
544 4363 594 4419 the
603 4367 687 4421 modo
701 4366 735 4420 of
743 4364 887 4437 speaking,
898 4360 962 4416 that
973 4359 1053 4414 when
1065 4376 1107 4413 wc
1118 4357 1233 4412 address
1245 4372 1263 4410 a
1273 4359 1377 4429 poople

273 4444 515 4516 nowesisting,wc
523 4450 695 4507 attributeto
705 4451 810 4508 itwhat
818 4447 966 4520 happened
976 4453 1005 4501 to
1014 4445 1146 4500 thesemo
1155 4441 1379 4513 Peoplcsescral
