3000 5062
107 307 272 377 Onr.XX.]
548 312 600 365 DE
622 312 760 366 POENIS.
1148 303 1210 366 265

102 475 194 564 juris,
211 474 244 539 iu
269 474 308 539 iis
332 473 407 540 locis
432 482 526 559 atque
549 473 631 540 inter
649 496 702 540 eas
719 497 867 562 personas
885 499 954 563 quoe
973 475 1066 542 certis
1087 476 1211 563 judiciis

108 597 172 640 non
188 574 338 641 subsunt:
363 596 400 639 ac
416 583 573 660 praetereo
588 574 620 638 in
638 575 821 660 quibusdam
838 576 959 642 casibus
975 576 1120 664 exceptis.
1159 576 1211 643 Sic
1223 595 1283 633 νιν.
1293 594 1364 635 xsstu

109 674 317 739 Hehraeorum
343 673 479 738 moribus
505 674 660 739 Hebroeus
680 695 701 739 e
725 675 794 740 Deo
817 684 851 741 et
875 675 936 741 Dei
961 676 1032 764 lege
1057 671 1209 754 deficiens,

109 782 165 839 out
181 773 291 838 ducem
307 794 342 838 se
355 773 398 838 od
415 772 508 838 salsos
521 774 621 838 cultus
637 774 789 860 proebens,
807 767 908 839 ¹‘illico
924 797 945 840 o
961 774 1070 861 quovis
1086 776 1211 841 homine

109 876 254 959 ⁸poterut
277 871 419 938 interfici.
455 865 629 938 ¹«Indicium
654 872 712 939 zeli
736 873 770 940 id
795 882 909 939 vocent
932 874 1073 953 Hebroei,
1091 875 1175 960 quod
1190 896 1213 941 u

109 973 231 1037 Phineu
256 969 373 1058 ⁷primo
402 971 573 1037 exercitum
599 971 696 1049 aiunt,
726 981 759 1038 et
785 972 859 1039 inde
883 973 997 1039 obiisse
1026 974 1059 1039 in
1083 996 1210 1040 morem.
1223 982 1347 1022 Neam·

110 1071 163 1137 Sic
185 1070 334 1136 Judmum
359 1072 512 1158 quendam
541 1071 661 1137 Groecis
688 1093 722 1137 se
747 1071 858 1139 ritibus
883 1073 1071 1159 polluentem
1100 1073 1211 1140 occidit

110 1170 290 1239 Mathetins.
339 1171 390 1236 Sic
413 1171 545 1236 trecenti
569 1170 621 1235 elii
645 1170 751 1236 Judmi
767 1194 788 1237 o
809 1171 1010 1259 popularibus
1034 1172 1098 1238 suis
1121 1172 1370 1270 enhippen-u·

109 1270 298 1347 referuntur,
316 1269 396 1336 libro
411 1270 465 1356 qni
483 1269 577 1358 vulgo
592 1269 706 1336 dicitur
722 1272 970 1338 Meoccbaeorum
986 1272 1109 1339 tertius.
1142 1271 1211 1338 Nee

109 1369 170 1434 alio
187 1369 317 1436 obtentu
339 1369 483 1435 institute
501 1368 649 1456 lapidatio
667 1368 700 1433 iu
718 1370 922 1457 Stephanum,
940 1380 974 1437 et
990 1371 1159 1458 conjuratio
1176 1371 1210 1436 in
1223 1377 1309 1416 Μ
1319 1378 1348 1421 ⁶⁷·

110 1468 263 1535 Paulum:
289 1468 448 1555 multaque
462 1468 524 1534 nliu
540 1468 682 1555 exemplu
700 1468 886 1556 ejuscemodi
902 1479 1029 1538 exstent
1046 1480 1080 1537 et
1095 1472 1210 1559 ”apud
1221 1473 1265 1512 ‘⁴⁰‘
1274 1472 1374 1513 ”M

107 1567 281 1646 Philonem,
300 1577 332 1633 et
349 1569 433 1655 npud
451 1570 476 1633 J
477 1568 636 1656 osephum.

184 1669 206 1732 6
240 1669 320 1732 Tum
339 1689 414 1732 vero
431 1668 516 1754 apud
532 1668 645 1732 multos
667 1669 797 1755 populos
811 1677 845 1734 et
861 1667 991 1735 dominis
1007 1666 1041 1733 in
1055 1690 1163 1735 servos
1178 1677 1211 1735 et

109 1765 290 1853 perentibus
312 1767 345 1832 in
369 1766 485 1832 liberos
507 1766 621 1832 mansit
638 1766 690 1853 jus
715 1767 864 1854 puniendi
886 1768 1021 1854 plenum,
1051 1767 1211 1834 etiamad

110 1874 243 1932 mortem
268 1886 376 1952 usque.
429 1866 480 1932 Sic
512 1865 637 1953 Spnrtae
665 1866 801 1952 Ephoris
830 1866 916 1932 licuit
942 1866 1041 1932 ciuem
1070 1866 1210 1933 occidere

110 1973 202 2030 extre
213 1964 372 2052 judicium.
404 1964 449 2031 Et
460 1987 504 2030 ex
520 1965 569 2029 his
584 1965 709 2050 quidem
725 1987 797 2051 quoe
814 1965 948 2031 diximus
963 1965 1055 2051 quale
1071 1965 1113 2031 sit
1128 1966 1211 2033 circu

110 2084 219 2151 poenus
230 2064 283 2151 jus
299 2074 431 2142 neturoe,
449 2074 483 2131 et
498 2085 659 2151 quousque
674 2064 822 2129 manserit
838 2064 969 2153 intelligi
984 2073 1096 2151 potest

185 2165 227 2229 X.
276 2166 295 2229 l
329 2165 422 2230 Nunc
453 2164 530 2229 illud
559 2162 727 2229 videndum
757 2171 814 2241 est,
845 2184 920 2229 num
948 2164 1001 2229 lex
1029 2164 1211 2253 evangelice

109 2340 280 2387 Decumimum
291 2340 460 2401 interpretem,
476 2353 548 2400 quem
563 2339 636 2385 modo
685 2338 838 2397 δραμοῦνται
857 2339 998 2399 τιμωρίαις,
1023 2340 1150 2397 κρίνοντες
1170 2340 1211 2385 εὖ·

109 2415 213 2471 luudowi,
228 2415 253 2460 in
272 2417 345 2461 Num.
361 2430 417 2461 xxv.
433 2418 456 2463 7.
478 2420 503 2460 et
524 2415 636 2462 Celeber·
685 2414 746 2472 uyie
762 2414 795 2459 τὸ
811 2413 868 2459 κατ’
884 2414 961 2459 αὐτοῦ
976 2417 1065 2475 φονςῐν·
1075 2417 1211 2474 puniendue

109 2490 165 2535 rimi
174 2490 200 2536 J.
211 2490 258 2537 Fu.
267 2490 372 2536 Bunnrrr
386 2490 584 2537 Dissice-tutionem
596 2489 636 2536 De
684 2488 742 2533 tuiis
755 2493 781 2533 ut
796 2488 870 2535 nodie
882 2489 991 2548 publicus
1007 2491 1115 2547 omnium,
1129 2497 1211 2551 spreta

108 2564 172 2611 Jure
181 2564 316 2612 Zeloturum
326 2567 351 2611 in
363 2564 437 2613 (iente
445 2564 557 2621 Hebrus,
571 2565 635 2624 534.
683 2562 841 2623 qualicunque
857 2577 908 2609 mim
921 2578 948 2610 eo
962 2565 1135 2622 necessitudine,
1149 2566 1211 2623 <iue-

109 2645 205 2700 eteeqq.
234 2641 262 2687 J.
272 2640 305 2686 Β.
684 2653 729 2698 que
741 2639 864 2685 suasiones
877 2640 1000 2700 culpanda
1015 2641 1119 2687 omnibus
1130 2642 1210 2700 pieta·

153 2723 172 2747 ¹¹¹
194 2714 268 2775 Apud
285 2714 421 2774 Philonem]
447 2714 525 2775 Cujus
544 2718 569 2761 et
589 2714 635 2761 hoo
684 2718 728 2759 tem
741 2714 881 2771 amantibus,
896 2720 923 2761 ut
937 2716 988 2762 eine
1002 2730 1070 2763 nora
1082 2720 1211 2763 οοονποοι

108 2788 133 2834 in
147 2788 209 2834 libro
223 2790 252 2836 de
265 2789 477 2849 Sacrificiorum.-
494 2789 635 2836 κολαστέον
683 2789 786 2847 uudique
803 2788 837 2834 cui
851 2790 1001 2849 expetendum
1021 2790 1051 2835 de
1069 2791 1121 2836 uiro
1137 2790 1210 2849 impio

108 2862 140 2909 uir
150 2864 236 2922 δήμιον
245 2864 286 2911 καὶ
295 2865 378 2911 κοινὸν
389 2865 480 2926 ἐχθρὸν
493 2866 564 2921 ὄντα,
580 2864 635 2910 dhi-
683 2865 832 2923 supplicium,
836 2867 910 2924 firme
919 2865 1036 2912 medentes
1045 2872 1152 2913 sanctam
1162 2881 1211 2914 esee

109 2950 144 2994 γα
157 2937 347 2994 φροντίσαντας
357 2936 521 2991 οἰκειότητος,
536 2935 577 2981 καὶ
588 2934 636 2982 cde
684 2952 733 2983 rem
741 2939 854 2996 ejusmodi
864 2941 964 2986 dominic
973 2942 1128 3001 interficiendi
1137 2955 1211 3001 uppe-

109 3011 268 3070 ταραινέσειι
284 3013 363 3057 αὐτοῦ
384 3011 553 3072 διαγγελτέον
568 3014 635 3058 πᾶσι
684 3014 758 3059 litum.
788 3013 862 3073 (Peg.
876 3017 922 3061 855
938 3016 977 3073 8,)
1013 3016 1046 3062 Et
1064 3017 1127 3063 ulter
1141 3016 1210 3063 locun

110 3090 165 3130 τοῖς
176 3087 304 3145 εὐσεβείας
317 3087 447 3144 ἐρασταῖς,
462 3087 486 3131 οἳ
500 3085 635 3143 disrepti-
684 3099 733 3132 non
748 3088 826 3131 minus
839 3087 939 3147 insignis
954 3090 1018 3135 circu
1030 3090 1101 3135 linem
1117 3091 1147 3136 de
1160 3104 1211 3135 mo·

110 3176 148 3220 τιρ
158 3160 234 3219 τάχει
243 3166 302 3207 ταῖς
309 3160 366 3206 κατ’
375 3160 462 3219 diripis
469 3160 569 3206 duociou
579 3159 635 3205 inru-
684 3160 783 3206 nurchlu
793 3160 860 3219 (Lib.
871 3175 888 3208 1.
904 3176 962 3222 pag.
973 3164 1026 3220 818,
1035 3164 1103 3223 819.)

572 3306 897 3315 -—-—-—-1-—----—--

112 3410 204 3467 cellit
223 3426 242 3463 n
252 3409 402 3480 judgment
420 3409 453 3464 of
464 3409 532 3475 zeni,
552 3410 585 3465 ol
602 3409 691 3466 which
713 3409 782 3481 they
800 3427 850 3482 sny
870 3410 992 3466 Phineus
1010 3418 1055 3467 sot
1076 3412 1126 3468 the
1148 3414 1209 3471 urst

112 3496 249 3566 example.
272 3494 313 3560 (N
316 3495 390 3550 umb.
404 3493 482 3563 xxv.)
514 3496 552 3551 So
567 3497 597 3550 in
612 3496 662 3553 tho
676 3497 849 3561 Maccabeos,
860 3496 1025 3553 Mettathius
1037 3500 1103 3553 slew
1116 3516 1135 3554 o
1147 3501 1218 3555 Jew·

113 3582 253 3653 polluting
263 3580 379 3635 himself
393 3581 460 3636 with
479 3582 574 3637 Greek
591 3583 677 3648 ritos;
701 3584 757 3637 und
781 3585 860 3639 eoin
879 3590 895 3639 3
911 3584 1035 3640 Mucceb.
1060 3591 1113 3641 300
1134 3588 1209 3643 Jews

114 3686 186 3723 wore
212 3667 299 3722 killed
320 3668 359 3740 by
382 3668 456 3723 their
476 3676 669 3741 countrymcn.
729 3670 794 3725 unu
815 3670 865 3727 tho
885 3671 998 3744 etoning
1019 3671 1054 3726 of
1074 3672 1210 3746 Stephon,

113 3755 170 3809 und
189 3753 238 3809 the
262 3755 425 3827 conspiracy
445 3756 555 3826 ogninst
573 3757 653 3819 Paul,
671 3774 743 3811 wore
759 3774 797 3812 on
811 3756 861 3813 tho
873 3774 951 3813 eume
964 3764 1085 3831 pretext,
1101 3776 1131 3815 ns
1146 3760 1209 3817 well

112 3858 145 3895 ns
156 3857 240 3912 many
252 3841 335 3896 other
348 3842 489 3913 exemplos
503 3843 532 3895 in
545 3842 627 3897 Philo
642 3844 699 3897 und
710 3844 740 3896 in
752 3843 900 3914 Josephus.

166 3931 183 3980 6
202 3926 241 3980 So
252 3927 312 3983 also
323 3944 426 3998 umong
442 3944 527 3998 msuy
537 3929 661 3999 peoples,
676 3935 793 3983 masters
805 3928 934 3984 retained
945 3928 995 3983 the
1007 3930 1083 4001 right
1095 3931 1128 3985 oi
1136 3946 1211 4002 pun·

114 4009 206 4081 ishing
217 4010 291 4065 their
308 4019 442 4077 servants,
459 4013 515 4066 ond
531 4020 645 4084 parents
666 4012 741 4067 their
755 4014 890 4077 children,
908 4020 1024 4068 evento
1041 4014 1136 4069 doeth.
1173 4015 1212 4069 So

113 4102 144 4149 nt
157 4096 267 4167 Spnrto,
278 4096 327 4151 the
341 4096 448 4168 Ephori
462 4099 546 4153 could
560 4106 612 4169 put
626 4115 644 4151 e
656 4099 755 4152 eitincn
769 4104 799 4151 to
815 4097 901 4152 doeth
915 4096 1034 4152 without
1047 4098 1121 4153 triel.

168 4182 254 4236 From
268 4182 343 4237 what
356 4199 398 4237 we
411 4183 483 4238 hare
497 4184 565 4245 said,
580 4201 620 4236 we
638 4200 704 4253 mny
717 4199 765 4237 see
780 4181 856 4235 what
870 4183 894 4234 is
906 4181 955 4237 the
969 4182 1036 4236 Low
1050 4184 1083 4238 of
1100 4184 1211 4241 Nature

114 4267 181 4322 with
195 4268 296 4337 segurd
311 4272 340 4322 to
354 4268 543 4339 punishment,
557 4270 612 4323 end
628 4267 690 4323 how
704 4267 750 4321 ier
759 4269 783 4321 it
797 4267 958 4323 continued.

167 4354 205 4407 X.
245 4359 259 4407 1
290 4352 343 4407 We
352 4360 427 4408 must
438 4371 501 4410 now
512 4354 641 4410 consider
652 4353 777 4408 whether
789 4353 838 4408 the
850 4352 956 4425 Gospel
967 4354 1031 4409 Luw
1040 4353 1092 4411 hus
1102 4356 1211 4413 limited

114 4439 170 4495 this
185 4439 288 4513 liberty
303 4456 381 4497 moro
395 4440 542 4514 neurowly.
581 4439 733 4513 Certainly,
746 4456 778 4495 us
792 4456 834 4495 we
853 4439 925 4497 huuc
939 4441 1089 4498 elsewhere
1102 4443 1172 4509 suid,
1187 4444 1211 4501 it
