3000 5062
281 327 345 391 156
604 335 657 390 DE
680 333 1058 390 INTERPRETATIONE.
1257 332 1331 403 [Ilm.
1344 336 1384 392 11.

281 504 308 569 1.
356 505 375 568 1
404 503 563 658 IPSUM
587 501 641 588 qui
666 501 807 588 promisit
831 499 931 566 solnm
954 500 980 565 si
1005 506 1190 586 spectamus,
1217 508 1329 587 sponte
1353 501 1386 568 id

458 610 612 688 prestare
628 601 786 688 obligatur
802 599 835 664 in
852 600 936 686 quod
951 598 1084 687 obligari
1099 597 1206 664 voluit
1254 602 1297 663 In
1309 604 1385 688 fids

118 723 267 775 naucerus
281 704 362 785 quid
385 702 521 768 sessoris
547 723 612 766 nou
638 701 719 783 qaid
743 701 868 765 diseio
893 701 1110 783 cogitandum,
1136 696 1238 782 inquit
1263 698 1382 764 Cicero.

282 800 346 866 Sed
363 800 436 883 quie
460 797 575 864 interni
599 806 687 864 actus
712 819 769 884 per
792 819 826 862 se
850 796 1034 883 spectabiles
1058 817 1121 861 nou
1146 804 1228 874 sunt,
1246 804 1280 862 et
1304 798 1384 863 certi

281 896 399 985 aliquid
416 897 615 964 statuendum
641 904 699 973 est,
716 917 757 961 ne
774 895 859 960 nulla
879 895 919 961 sit
943 893 1100 984 obligatio,
1119 893 1146 959 si
1166 893 1297 981 quisque
1314 918 1384 961 sen·

280 1018 349 1064 sum
364 1017 456 1084 quem
475 996 571 1061 vellet
592 994 650 1060 sibi
672 993 848 1082 effingendo
869 994 1003 1059 liberare
1023 1015 1057 1058 se
1079 1000 1202 1080 posset;
1230 993 1298 1080 ipsa
1320 994 1384 1060 dic-

280 1103 370 1162 tante
385 1095 521 1160 naturali
536 1093 658 1160 ratione
675 1092 728 1178 jus
750 1100 798 1158 est
819 1092 857 1168 ei,
876 1091 926 1157 cui
942 1091 1017 1177 quid
1034 1090 1217 1180 promissum
1232 1101 1291 1169 est,
1310 1115 1383 1180 pro-

280 1193 440 1260 missorem
456 1215 569 1281 cogere
584 1193 626 1258 ed
642 1192 675 1257 id
691 1191 775 1277 quod
791 1199 878 1256 recta
893 1190 1110 1277 interpretatio
1126 1189 1285 1279 suggerit:
1308 1214 1383 1257 nam

279 1291 398 1377 alioqui
414 1313 466 1356 res
490 1291 609 1357 exitum
632 1312 696 1356 non
719 1288 894 1376 reperiret:
918 1291 1002 1376 quod
1017 1288 1051 1354 iu
1067 1289 1235 1355 moralibus
1251 1311 1310 1377 pro
1324 1289 1382 1355 im-

279 1389 418 1477 possibili
448 1389 592 1456 habetur.
642 1390 712 1454 Hoc
741 1388 823 1454 forte
852 1410 945 1454 sensu
974 1410 1043 1454 cum
1072 1387 1112 1453 de
1138 1386 1238 1475 pactis
1265 1388 1382 1478 egisset

281 1490 435 1554 Isocrates
456 1486 689 1576 prescriptione
709 1488 858 1553 adversus
881 1486 1114 1564 Callimachum,
1129 1481 1250 1575 τούτῳ,
1269 1487 1380 1574 inquit,

283 1583 366 1678 νόμῳ
385 1589 477 1676 κοινῷ
500 1582 623 1659 πάντες
640 1580 805 1679 ἅνθρωποι
823 1578 1036 1666 διατελοῦμεν
1052 1581 1223 1680 χρώμενοι,
1240 1594 1277 1652 ut
1293 1596 1381 1653 recte

280 1707 351 1752 eum
376 1686 477 1752 locum
503 1685 680 1752 emendavit
710 1685 759 1752 vir
784 1684 1033 1750 eminentissime
1056 1683 1237 1752 eruditionis
1266 1687 1381 1752 Petrus

279 1785 395 1862 Faber,
415 1786 495 1852 1Ιιοο
521 1787 586 1870 lege
608 1788 767 1850 communi
791 1785 934 1850 homines
959 1786 1045 1850 iuter
1065 1807 1123 1851 uos
1142 1797 1298 1870 perpetuo
1315 1788 1380 1851 uti-

279 1907 366 1962 mur,
384 1906 442 1950 nec
460 1884 562 1951 Greci
584 1891 716 1962 tentum,
734 1883 790 1950 sed
815 1890 848 1949 et
869 1882 1014 1962 Barbari,
1035 1891 1072 1950 ut
1092 1882 1185 1971 paulo
1206 1894 1280 1951 ente
1296 1883 1380 1951 idem

277 1984 483 2148 &¹0¹5wa
505 2081 582 2149 illud
604 2080 740 2168 pertinet
764 2080 796 2146 in
819 2080 948 2168 antiqua
972 2080 1112 2147 foderum
1138 2079 1270 2146 formula
1294 2082 1380 2169 apud

277 2181 421 2248 Livium:
449 2183 531 2249 Sine
547 2182 620 2247 dolo
636 2182 724 2246 malo
748 2182 877 2264 ⁸utique
893 2204 932 2248 eu
948 2183 1003 2247 lu'c
1027 2182 1122 2246 hodie
1137 2182 1313 2249 rectaene
1329 2183 1380 2246 irs-

322 2338 330 2370 ¹
348 2341 379 2386 in
388 2343 441 2386 toto
452 2340 500 2386 isto
511 2339 599 2399 capite
612 2342 731 2399 perpetuo
744 2351 801 2384 οοο-
896 2339 909 2374 b
923 2340 980 2387 Non
995 2342 1152 2402 promtius
1168 2353 1221 2400 quoe
1233 2345 1269 2386 ert
1283 2354 1313 2386 a
1327 2340 1377 2387 ori-

275 2417 389 2464 ierendus
410 2416 579 2463 Pnrssnosr.
600 2416 639 2461 De
660 2415 724 2460 Jure
740 2414 802 2462 Nat.
851 2413 917 2475 gine]
934 2416 1001 2463 Bene
1014 2415 1146 2475 Procopius
1160 2414 1378 2464 Vandalicorami.

276 2497 299 2538 et
311 2492 378 2539 Geni.
391 2491 444 2538 Lib.
452 2503 476 2537 v.
487 2492 586 2551 cap.12.
597 2503 651 2535 cum
661 2489 733 2536 Notis
744 2504 800 2535 nos·
852 2490 943 2537 ubido
962 2505 1020 2536 voce
1045 2491 1097 2549 agit
1115 2489 1302 2538 Fedentorumz
1330 2491 1379 2536 τοῦ

275 2566 328 2612 tris.
357 2566 386 2611 J.
396 2565 430 2612 B.
852 2563 943 2624 χρόνον
952 2563 1000 2610 ‘nis
1008 2562 1189 2623 προσηγορίας,
1209 2562 1252 2623 ὄψ’
1266 2562 1300 2610 ὦν
1319 2564 1378 2611 τέθ·

318 2645 330 2670 ⁸
347 2638 434 2696 Utique
447 2650 476 2683 ea
486 2636 524 2681 uie
538 2634 607 2680 hodie
620 2635 747 2680 recessim
762 2635 800 2680 in·
851 2655 940 2697 ειντοε,
951 2637 1044 2692 ἥκιστα
1055 2638 1185 2698 ἀξιοῦντος
1195 2643 1293 2698 τηρεῖν.
1307 2639 1378 2687 ἄλλο’

275 2709 367 2756 tellecta
387 2707 452 2769 mss]
475 2708 541 2755 Vota
563 2707 751 2767 interpretanda,
771 2713 801 2755 ut
851 2715 904 2759 τῶν
926 2713 1087 2772 πραγμάτων
1110 2713 1150 2760 del
1173 2715 1378 2774 περιφερομένων

275 2781 434 2830 communiter
449 2785 584 2838 sumuntur,
599 2785 686 2828 neunt
704 2782 800 2829 hebrei
850 2785 866 2847 ᾖ
874 2787 957 2833 ταῦτα
967 2787 1040 2845 ἄγειν
1049 2786 1178 2834 ἐθέλουσιν
1186 2786 1378 2845 deopertum&

274 2859 456 2905 adlimam
850 2861 962 2920 πρόσθεν
984 2861 1165 2921 ὠνομασμένων
1186 2861 1379 2923 ὀλιγωροῦντες·

320 2933 331 2962 ¹
346 2935 375 2979 ln
387 2935 466 2992 Opere
477 2932 639 2989 Semestrium
655 2931 735 2979 Liba.
746 2946 799 2993 esp.
850 2935 936 2996 Longa
953 2935 1004 2982 diss
1018 2951 1065 2982 non
1083 2936 1142 2982 solet
1154 2949 1331 2983 merovecus
1351 2939 1378 2982 ἔνι

274 3008 399 3061 7.iniine.
429 3009 458 3056 J.
468 3009 504 3057 B.
850 3010 1045 3072 quibucprirnum
1054 3011 1271 3058 dammum:
1282 3017 1377 3059 urrun-

549 3279 686 3335 (inurruu
700 3276 780 3332 XVI.
820 3274 865 3350 Os
876 3275 1094 3347 intepretatus.

329 3382 353 3437 1.
392 3388 408 3436 1
431 3381 513 3437 Ifwe
532 3382 640 3452 merely
657 3379 786 3435 consider
799 3377 859 3431 him
877 3376 940 3432 who
954 3376 1005 3430 hes
1019 3375 1170 3447 promised,
1183 3373 1259 3430 heis
1276 3372 1376 3430 bound

274 3472 306 3522 to
325 3468 458 3538 perform,
478 3467 598 3522 without
611 3466 794 3536 compulsion,
813 3463 876 3518 that
890 3469 921 3517 to
936 3461 1027 3516 which
1045 3462 1083 3516 he
1096 3478 1152 3516 was
1166 3461 1271 3531 willing
1285 3467 1316 3516 bo
1336 3461 1375 3515 he

274 3551 379 3605 bound.
423 3552 460 3603 In
477 3552 546 3619 qood
553 3552 639 3619 sciti,
653 3551 725 3602 wico
740 3566 797 3618 you
811 3549 927 3618 thought,
942 3557 989 3602 not
1007 3549 1080 3601 what
1097 3565 1154 3619 you
1171 3547 1279 3610 auidis
1297 3555 1325 3600 to
1344 3547 1374 3601 bs

274 3635 433 3696 rouddrud,
448 3650 510 3703 ssys
531 3634 638 3689 Cicero.
675 3635 733 3687 But
752 3633 872 3687 because
886 3634 1008 3688 internal
1023 3639 1082 3688 acts
1097 3633 1130 3687 of
1141 3631 1309 3688 themselves
1324 3647 1374 3685 are

273 3723 327 3771 not
340 3733 377 3770 an
389 3716 483 3785 object
493 3717 527 3770 oi
541 3734 630 3780 sense,
644 3717 700 3772 and
715 3733 792 3772 some
804 3719 911 3771 certain
925 3720 988 3775 rule
1006 3723 1082 3773 must
1095 3718 1132 3774 be
1144 3715 1324 3780 established,
1342 3716 1373 3771 in

275 3801 359 3856 order
372 3800 436 3855 that
447 3800 613 3871 obligations
625 3818 690 3873 may
703 3810 755 3856 not
766 3802 802 3856 be
816 3803 979 3868 frustrated,
994 3821 1024 3858 es
1038 3804 1107 3875 they
1118 3803 1209 3874 might
1223 3803 1268 3867 be,
1282 3802 1308 3855 ii
1316 3817 1374 3874 any

274 3902 338 3952 one,
353 3886 392 3957 by
402 3886 571 3957 pretending
588 3903 644 3958 any
663 3903 744 3942 sense
761 3888 795 3941 oi
804 3887 848 3942 hie
867 3890 957 3944 words
970 3889 1062 3944 which
1076 3889 1113 3944 he
1127 3889 1211 3944 chose
1226 3894 1257 3943 bo
1271 3887 1373 3958 arrige,

273 3973 358 4029 could
372 3973 432 4027 free
446 3971 575 4036 himseli3
596 3972 708 4026 natural
720 3990 821 4029 meson
835 3973 952 4028 dictatas
971 3975 1034 4029 thet
1053 3974 1128 4029 what
1146 3975 1170 4030 ie
1184 3972 1327 4045 promised
1340 3978 1373 4026 to

272 4074 329 4130 any
341 4074 404 4123 one,
412 4057 535 4127 compols
543 4057 592 4112 the
604 4059 741 4128 promiser
752 4064 782 4113 to
793 4059 856 4113 that
867 4059 957 4112 which
969 4076 987 4113 s
997 4060 1074 4131 right
1084 4059 1300 4132 iuterpretation
1309 4074 1374 4128 sug·

273 4150 361 4215 gestu
372 4145 418 4198 ior
425 4142 572 4199 otherwise
579 4141 628 4197 the
637 4150 741 4198 matter
749 4143 839 4199 would
849 4144 920 4199 have
929 4161 966 4199 no
975 4146 1161 4200 determinate
1170 4144 1270 4208 result,
1282 4141 1374 4197 which

272 4230 302 4282 in
315 4230 405 4285 moral
416 4235 532 4284 matters
543 4228 567 4283 ie
579 4227 646 4282 held
657 4235 687 4283 to
700 4229 736 4284 be
748 4230 918 4302 impossible.
946 4229 1072 4302 Perhaps
1084 4230 1171 4285 itwas
1183 4231 1213 4284 in
1223 4228 1281 4284 this
1292 4244 1375 4283 sense

271 4313 336 4370 that
354 4316 500 4380 isocrates,
518 4314 640 4385 troating
655 4315 688 4368 of
701 4321 788 4385 pects,
802 4316 890 4387 spoke
904 4315 938 4370 ot
953 4317 993 4370 tic
1013 4333 1134 4370 common
1152 4316 1213 4370 nole
1231 4314 1317 4369 coibis
1333 4312 1376 4368 cli

272 4400 381 4454 obceno.
427 4400 467 4454 So
480 4400 566 4470 Livy:
588 4400 644 4454 eius
657 4401 717 4454 dolo
731 4401 804 4455 molo
817 4401 956 4456 intellecta.

334 4488 351 4536 2
373 4481 435 4539 The
446 4501 576 4541 measure
588 4484 621 4539 of
635 4486 710 4556 right
724 4485 949 4558 interpretation,
960 4485 984 4541 is
998 4483 1048 4540 the
1059 4501 1192 4561 purpose,
1203 4501 1235 4543 as
1248 4480 1376 4540 inserted
