3000 5062
123 320 192 376 en.
207 314 289 387 xx]
566 319 618 372 un
642 320 779 372 rasis.
1166 317 1228 375 245

122 488 219 552 aliud
236 486 467 570 quidfuratns
484 497 539 560 eet,
559 487 754 570 procedat
768 507 893 570 panas.
946 485 1033 550 Idem
1051 487 1223 572 posterius:
1240 516 1358 566 suessa

127 581 400 672 συναλλάγματα
418 582 448 651 oi
466 583 602 650 naharai
618 577 760 651 ἐκάλουν
778 580 815 649 ori
828 579 927 663 μόνον
949 577 970 651 d
987 580 1118 656 ἑκόντες
1136 616 1226 655 συνε-

125 686 260 752 τίθεντο
284 681 366 775 πρὸς
383 678 551 762 ἀλλήλους
571 683 688 759 ποιεῖν,
715 679 872 750 ἀλλὰκαὶ
891 679 936 751 ‘roi
955 681 1018 751 rinei
1041 684 1108 752 τῶν
1126 684 1226 767 νόμων

123 777 369 877 διηγορευμένα·
392 794 576 849 contractus
593 805 616 847 a
628 784 787 848 ueteribus
804 784 1056 868 appellabantur
1072 808 1136 851 non
1154 798 1225 851 tan·

124 896 194 950 tunt
208 906 280 969 qua
295 885 418 949 mutuis
434 882 692 948 conventionibus
709 894 867 959 cantant,
889 885 946 948 sed
963 896 993 948 et
1014 907 1086 969 qua
1104 887 1225 970 lepidus

123 995 200 1048 eunt
216 985 328 1048 uetita.

195 1083 256 1147 III.
301 1083 320 1145 1
351 1079 414 1146 Sed
431 1078 523 1166 hujus
532 1077 612 1166 juris
629 1079 809 1166 subjectum,
827 1080 861 1145 id
877 1089 934 1158 est,
953 1082 1065 1169 cuijus
1082 1083 1224 1160 debetur,

124 1202 182 1269 per
198 1188 343 1245 naturam
359 1179 457 1265 ipsam
474 1178 712 1245 determinatum
727 1202 789 1245 uon
812 1187 869 1245 est.
920 1182 1028 1247 Dictat
1045 1181 1126 1247 enim
1142 1183 1224 1247 ratio

124 1278 306 1345 maleficium
329 1299 419 1365 posse
438 1276 549 1364 puniri,
576 1300 637 1342 non
658 1287 763 1344 autem
785 1278 854 1364 quis
876 1280 987 1366 punire
1011 1281 1143 1347 debeat:
1166 1281 1225 1346 nisi

124 1378 207 1464 qued
224 1377 299 1442 satis
313 1376 430 1443 indicat
445 1383 560 1441 natura
581 1377 898 1443 convenientissimum
923 1401 990 1444 esse
1005 1389 1041 1446 ut
1058 1380 1090 1446 id
1107 1380 1161 1445 fiat
1182 1380 1223 1445 ab

122 1499 160 1543 eo
176 1477 230 1563 qui
246 1476 388 1563 superior
400 1483 466 1541 est:
485 1497 547 1540 non
562 1484 667 1541 tamen
684 1486 716 1543 et
732 1476 855 1542 omnino
872 1478 931 1543 hoc
948 1479 1139 1545 demonstret
1157 1500 1224 1544 esse

122 1575 338 1650 necessarium,
364 1575 423 1641 uisi
441 1596 502 1640 vox
524 1574 693 1660 superioris
715 1598 753 1641 eo
775 1584 916 1642 sumatur
935 1600 1037 1655 sensu,
1059 1587 1095 1644 ut
1119 1578 1146 1643 is
1169 1577 1223 1663 qui

123 1676 203 1741 maie
226 1675 292 1764 egit
312 1697 348 1741 eo
365 1675 432 1761 ipso
457 1695 491 1739 se
514 1673 623 1759 quovis
639 1674 701 1739 aiio
722 1674 900 1740 inferiorem
922 1685 1084 1742 censeatur
1103 1677 1221 1753 fecisse,

123 1783 156 1841 et
178 1775 266 1861 quasi
288 1797 329 1840 ex
350 1774 509 1840 hominum
531 1795 625 1838 censu
648 1773 815 1839 detrusisse
836 1767 882 1839 sin
903 1797 1027 1839 censum
1053 1775 1222 1840 bestiarum

123 1896 193 1960 quse
209 1874 324 1939 homini
341 1873 511 1960 subjacent,
538 1872 621 1958 quod
638 1894 658 1937 a
674 1872 828 1961 theologis
848 1872 1031 1959 quibusdam
1054 1884 1102 1939 est
1118 1874 1222 1960 prodi·
1236 1892 1308 1931 nom·
1318 1893 1363 1936 22

1235 1944 1305 1987 quest
1316 1940 1347 1977 et.

122 1981 199 2039 ium.
246 1973 464 2039 Democritus:
492 1972 592 2066 φύσει
619 1968 662 2039 ud
689 1967 805 2065 ἄρχειν
830 1966 949 2053 οἱκήῖον
975 1977 1023 2061 τῷ
1049 1975 1221 2067 κρείσσονι,
1235 1984 1366 2077 afflati

120 2132 182 2179 iliud
191 2132 263 2180 dediti
272 2136 350 2180 sonat.
365 2132 420 2179 Hoc
430 2132 490 2178 enim
500 2131 570 2177 etiam
581 2130 648 2175 modo
699 2130 812 2177 Auctoris
832 2130 915 2187 nostri,
926 2131 975 2190 qui,
991 2131 1048 2176 dum
1064 2132 1162 2192 exponit
1176 2145 1224 2178 crta
1236 2077 1300 2161 m·
1307 2075 1363 2165 {ion

121 2208 261 2268 dieipotuit,
272 2208 336 2268 quod
346 2208 432 2254 dietum
441 2212 489 2253 eat:
506 2208 528 2251 ri
535 2220 580 2250 non
594 2205 649 2251 red·
695 2205 820 2261 uoluntate,
835 2206 962 2252 manifesto
972 2207 1085 2264 ostendit,
1098 2221 1124 2253 ss
1136 2208 1224 2265 legisse

121 2283 157 2328 dit
159 2282 275 2343 faciendo
285 2282 349 2351 quod
357 2281 430 2336 debet,
441 2280 522 2325 reddet
533 2277 648 2337 patiendo
696 2295 744 2326 crea
763 2286 851 2327 mente:
879 2295 1022 2342 quamquam
1042 2283 1094 2342 ipse
1119 2289 1224 2329 erratum

120 2356 185 2417 quod
198 2356 270 2403 dehet.
288 2354 409 2416 (Cap-15.
426 2354 489 2414 §aa
505 2353 554 2398 Ed.
571 2353 647 2398 Bene·
696 2369 744 2402 nen
754 2356 957 2412 animadverterit,
965 2358 1037 2403 etiam
1045 2371 1118 2417 quum
1129 2359 1154 2403 in
1165 2358 1223 2403 Edi·

121 2432 217 2491 dietin.)
695 2432 762 2477 tione
771 2445 826 2478 ann.
839 2431 910 2478 1632:
926 2433 1026 2478 adderet
1036 2448 1105 2479 voees
1120 2447 1223 2492 sequeu-

165 2516 177 2541 *
191 2508 246 2568 Ipse
255 2511 277 2554 te
285 2504 564 2568 huiepoenoesuhdidisti]
577 2505 647 2551 Philo
695 2506 791 2563 tesiam
802 2511 859 2563 tum,
871 2520 924 2567 qun
934 2507 958 2552 iu
968 2508 1047 2567 prima
1057 2509 1169 2554 Editione
1181 2509 1223 2554 de-

119 2583 168 2629 fine
185 2583 240 2628 libri
258 2583 329 2643 primi
345 2583 374 2628 de
393 2582 449 2629 Vita
464 2581 559 2636 Mosis5
575 2581 647 2628 αὐτοὶ
695 2588 760 2628 sunt.
790 2583 818 2629 J.
828 2582 860 2628 B.

120 2658 170 2718 γάρ
180 2676 223 2704 τοι
234 2658 384 2704 σπεύδοντες
392 2655 553 2717 ἁμαρτάνειν,
569 2656 647 2702 aneti-
740 2655 750 2685 ³
760 2657 834 2717 Apud
844 2658 964 2704 'ructans
977 2659 1105 2719 legendum
1116 2660 1221 2717 omnino,

119 2734 177 2778 dm
197 2733 237 2779 «ai
252 2733 316 2791 πρὸς
331 2733 464 2792 τιμωρίας·
478 2746 577 2791 peceare
592 2733 647 2778 dun
695 2738 724 2778 ut
744 2733 818 2778 edidit
834 2734 983 2786 Rscourus:
1009 2735 1181 2795 statuiturque,
1197 2741 1223 2782 ut

113 2808 245 2868 fertinatis,
255 2807 289 2853 ad
299 2821 382 2866 panas
388 2807 506 2866 sueardus
512 2808 646 2866 festinatis.
695 2807 781 2867 ipnaru
795 2807 887 2853 domino
897 2809 931 2854 cd
941 2809 968 2853 id
975 2811 1099 2869 prolapsa,
1110 2811 1135 2855 in
1148 2811 1223 2856 serri-

122 2883 195 2943 (Pag.
207 2881 302 2942 6521).)
693 2886 759 2927 tute:
775 2882 812 2928 rin
823 2884 978 2939 commanet,
990 2898 1038 2943 pro
1053 2885 1138 2931 liberta
1151 2885 1222 2930 hate-

164 2957 219 3001 ¹ln
236 2956 346 3001 omnibns
363 2956 513 3002 Editionibus
528 2960 579 3002 erat
594 2956 647 3002 heio
694 2964 767 3002 retur.
790 2958 852 3004 Vide
862 2959 895 3003 ibi
906 2960 930 3005 J.
941 2960 1113 3006 snesosov.
1124 2960 1222 3008 Natam.

119 3046 161 3079 nto
177 3032 274 3078 cinito.-
291 3033 333 3077 sed
350 3038 434 3077 contm
450 3032 577 3076 lectionem
595 3046 647 3076 em·
695 3031 1028 3078 Sialeeusniladremiseit.
1059 3034 1086 3079 J.
1098 3034 1131 3080 B.

120 3109 185 3154 nium
197 3108 303 3167 eorporis
313 3105 381 3151 turis
392 3105 517 3161 Codicum,
526 3104 646 3163 quosqui-
740 3104 749 3138 t
762 3104 792 3150 In
802 3118 892 3149 emm
902 3104 1040 3164 beatarum]
1058 3104 1097 3152 Sin
1107 3112 1132 3152 et
1142 3108 1224 3154 utores

121 3184 174 3230 dem
187 3183 295 3238 uiderint,
310 3186 336 3228 et
350 3184 439 3241 praeter
453 3184 559 3224 mentem
574 3178 646 3223 etiam
695 3176 854 3223 Maimonides
863 3177 894 3221 ad
903 3176 975 3223 Deut.
987 3178 1069 3225 xxxiii.

121 3405 151 3454 to
162 3397 215 3452 her
226 3413 289 3450 own
300 3396 417 3466 slavery,
424 3396 543 3451 because
555 3395 618 3450 that
631 3412 684 3450 was
694 3395 743 3450 the
749 3395 930 3467 punishment
941 3395 987 3450 fer
998 3394 1066 3450 such
1076 3397 1220 3466 persons*.

176 3490 193 3535 4
214 3480 338 3536 hiichaei
351 3481 489 3551 Ephesius
504 3498 542 3535 on
555 3481 689 3536 Aristetie
701 3482 852 3536 illustratus
867 3481 931 3536 this.

174 3568 228 3624 III.
273 3573 287 3620 1
312 3566 353 3620 Oi
371 3566 440 3621 such
458 3567 647 3638 punishment,
668 3568 717 3623 the
738 3567 854 3637 subject,
875 3567 938 3623 that
958 3567 991 3633 is,
1009 3566 1058 3623 the
1075 3584 1177 3639 person
1196 3577 1221 3622 to

121 3655 208 3708 whom
226 3654 249 3707 it
264 3654 286 3707 is
301 3653 365 3718 due,
384 3654 407 3707 is
425 3659 476 3708 not
494 3653 668 3709 determined
682 3655 721 3726 by
735 3661 835 3709 nature
849 3655 933 3710 itseit'.
979 3655 1089 3709 Nature
1103 3656 1221 3710 dictates

122 3740 185 3795 that
208 3740 349 3811 evildeing
374 3757 439 3812 may
461 3740 497 3794 be
520 3740 667 3811 punished,
690 3741 742 3797 but
768 3748 819 3796 net
841 3741 903 3796 who
933 3741 1022 3813 ought
1048 3748 1078 3797 to
1100 3741 1219 3814 punish:

123 3833 223 3898 except
244 3827 308 3881 that
326 3833 427 3881 nature
445 3827 611 3898 sufficiently
629 3829 763 3883 indicates
778 3827 841 3882 that
855 3829 878 3882 it
892 3829 915 3882 is
929 3834 1003 3883 mest
1018 3828 1139 3883 suitable
1158 3828 1221 3882 thet

123 3912 147 3964 it
160 3912 197 3965 be
215 3912 289 3966 done
303 3912 341 3983 by
356 3928 411 3967 ene
425 3912 487 3966 who
508 3914 531 3967 is
552 3915 694 3984 superiore
714 3921 762 3984 yet
776 3921 826 3968 net
843 3915 871 3967 in
889 3914 958 3969 such
972 3931 1033 3984 way
1050 3929 1081 3966 as
1101 3920 1131 3967 to
1146 3913 1221 3966 show

122 3995 186 4049 that
197 3995 253 4050 this
265 3998 288 4050 is
300 4013 462 4071 necessum
480 4006 579 4070 except
592 3998 640 4051 the
653 3999 727 4052 word
739 3999 862 4068 superior
875 3999 911 4053 be
923 3999 1009 4052 tehen
1020 3999 1050 4050 in
1062 3998 1117 4051 this
1132 4014 1221 4061 sense,

123 4080 186 4136 that
208 4080 245 4134 he
264 4080 326 4135 who
341 4080 391 4136 has
412 4083 485 4137 done
506 4100 601 4154 wrong
623 4082 683 4147 has,
705 4083 743 4153 by
757 4083 820 4137 that
837 4100 904 4154 very
921 4084 987 4146 fact,
1005 4081 1088 4135 mede
1108 4081 1225 4136 himself

122 4166 240 4220 inferior
253 4172 284 4219 to
298 4182 354 4236 any
366 4167 455 4231 other,
470 4168 526 4222 and
544 4168 595 4222 has
609 4168 702 4222 thrust
716 4167 833 4222 himself
847 4174 898 4221 out
912 4167 946 4221 ei
960 4166 1009 4221 the
1021 4166 1092 4221 class
1107 4168 1140 4222 of
1155 4184 1221 4221 men

122 4252 183 4305 into
198 4251 260 4305 that
275 4251 309 4304 ei
320 4251 369 4305 the
380 4253 497 4308 inferior
507 4254 613 4317 brutas,
624 4270 654 4308 as
666 4269 744 4307 seme
755 4252 931 4323 theologiam
945 4252 1021 4307 held.
1050 4251 1105 4307 See
1116 4253 1221 4307 Domo·

122 4337 217 4401 oritus,
231 4336 374 4391 Aristotle.

166 4443 180 4469 ¹
196 4443 275 4490 Tacit.
286 4442 373 4489 Annal.
387 4456 437 4490 ιιι.
448 4446 486 4493 5&
516 4446 570 4494 The
580 4458 689 4506 punge,
696 4444 787 4506 rightly
797 4444 863 4503 used,
874 4446 894 4493 is
905 4446 1010 4508 nothing
1018 4450 1045 4495 to
1055 4446 1098 4495 the
1109 4460 1223 4509 purpose,

121 4532 147 4563 as
159 4518 293 4578 Barbeyrae
303 4517 418 4564 remulus.
