3000 5062
137 297 205 351 Car.
221 291 319 359 xlx]
464 295 515 347 DE
538 293 636 348 JL'RE
661 293 911 350 SEPULTURAE.
1175 284 1236 346 221

137 458 252 524 minem
278 476 402 530 exuere,
431 455 602 521 Claudiano
641 455 772 533 dicitur;
813 464 934 521 nature
962 456 1096 522 dedecus
1125 455 1237 532 facere,
1253 475 1368 564 εις-ηοω

139 555 237 621 Leoni
255 554 461 641 Imperatori:
487 551 550 635 τήν
574 550 671 621 ὁσίαν
698 549 855 647 ὑβρίζειν,
873 558 936 640 see
957 557 1091 632 violare,
1119 553 1238 619 Isidoro
1252 530 1350 658 {lep-ops

139 653 314 720 Pelusiotae.
1268 647 1272 656 ’

217 755 238 816 2
272 753 316 817 Et
330 749 403 838 quia
416 758 538 816 veteres
550 749 625 835 jura
646 749 714 815 lime
730 750 904 818 hominibus
919 752 998 818 bene
1015 751 1143 820 moratis
1160 773 1241 817 eom·

141 851 254 926 munia,
269 872 330 936 quo
348 848 503 914 sanctiora
519 848 709 927 viderentur,
727 849 767 915 ad
792 850 877 915 Deos
893 851 1071 917 referebant
1087 859 1239 928 auctores,

141 959 177 1016 ut
194 948 367 1037 legationis,
385 946 430 1012 ita
447 956 480 1013 et
493 947 551 1011 hoc
563 946 615 1031 jus
632 946 702 1012 Diis
718 948 851 1013 adscribi
864 949 975 1035 passim
992 949 1138 1017 videmus.
1177 951 1241 1014 Ita·

142 1071 203 1135 que
226 1048 259 1112 in
283 1047 366 1112 dieta
388 1045 542 1133 tragoedla
560 1047 770 1131 Supplieibtte
791 1040 906 1130 bno'non
931 1041 1084 1128 δαιμόνων
1101 1050 1241 1114 Deorum
1254 1060 1353 1101 Ver-⁶⁸²

143 1149 244 1235 legem
265 1145 379 1211 dictam
397 1143 542 1218 invenies,
565 1152 598 1209 et
613 1144 696 1228 apud
718 1145 901 1230 Sophoclem
924 1151 1085 1231 Antipone
1101 1146 1240 1223 Creonti,

143 1247 196 1333 qui
213 1244 394 1334 Polynieem
420 1241 543 1307 humari
568 1249 719 1318 vetuerat,
744 1242 789 1308 ita
813 1245 974 1330 respondit
995 1247 1089 1329 (vers.
1108 1247 1185 1322 460,
1209 1254 1242 1311 et

141 1347 263 1430 renel:

359 1448 482 1501 Decreta
496 1442 600 1516 quippe
615 1443 675 1499 haec
689 1461 742 1500 nec
756 1462 902 1517 supremus
916 1447 1029 1520 Jupiter

358 1533 420 1586 Nec
435 1529 478 1583 fas
492 1529 618 1584 Deorum
633 1531 760 1584 Manium
775 1531 937 1597 dictaverat,

360 1617 446 1681 Queis
460 1614 516 1669 alia
526 1616 591 1684 jura
603 1615 688 1670 debet
702 1615 857 1671 humanum
870 1634 967 1687 genus,

360 1703 422 1756 Nec
436 1700 465 1754 id
481 1700 573 1754 valere
588 1701 707 1756 credidit
717 1703 810 1771 jussus
825 1709 897 1767 tuos,

359 1789 401 1842 Ut
413 1789 479 1856 jura
493 1802 551 1840 non
565 1787 730 1858 conscripta,
745 1787 794 1841 scd
809 1794 881 1842 nutu
895 1788 990 1842 Deum

360 1874 507 1935 Concessa,
521 1873 699 1943 sempiterna,
713 1872 840 1927 mortalis
854 1879 930 1927 satus

359 1958 475 2011 violare
489 1973 600 2028 posses:
617 1974 674 2012 non
687 1958 762 2011 enim
777 1974 868 2028 nuper
882 1959 984 2028 rigent,

361 2044 418 2097 Sed
432 2059 492 2096 mro
506 2042 543 2096 ab
558 2043 649 2096 omni:
672 2043 754 2096 initia
768 2043 797 2095 in
813 2043 922 2097 occulto
935 2044 1033 2098 latent,

360 2129 465 2181 Nonne
480 2143 547 2197 ergo
561 2127 629 2181 sorti
644 2128 737 2192 cordo,
752 2129 875 2198 seposito
890 2136 969 2183 metu

360 2213 489 2268 Mortalis
504 2213 563 2278 irae,
578 2229 630 2283 par
643 2214 712 2268 Deis
727 2215 836 2285 magnis
850 2214 906 2267 fuit

360 2299 409 2353 hle
423 2314 522 2371 gerere
538 2298 666 2352 morem?

217 2398 238 2460 3
273 2396 426 2461 Isocrates
450 2395 594 2461 debello
620 2417 717 2483 agens
740 2397 876 2461 Theseos
903 2397 1053 2463 adversus
1078 2399 1243 2464 Creontem
1259 2421 1379 2471 remp.

146 2495 191 2560 ita
206 2494 362 2580 loquitur:
395 2497 478 2575 Quis
494 2496 603 2571 neeer't,
627 2498 705 2580 qnia
720 2518 784 2561 non
798 2498 928 2573 didicit,
954 2498 1006 2562 nel
1019 2499 1056 2562 in
1072 2496 1245 2580 Dionysiis
1256 2468 1298 2511 m

146 2618 185 2660 ec
203 2596 439 2678 trapoedc'arnm
461 2595 656 2669 anetembne,
680 2616 752 2679 qnos
768 2596 914 2660 Adrasto
936 2597 1029 2660 mele
1048 2597 1138 2660 eirca
1162 2596 1246 2660 Tne-

148 2696 206 2759 dae
221 2695 423 2776 conceperint,
441 2714 515 2757 curn
536 2695 687 2757 redemere
702 2695 808 2758 colere
833 2696 1140 2781 (Edepodiafilinm,
1156 2715 1247 2778 pene·

147 2815 222 2857 rnna
246 2803 355 2856 antem
378 2813 482 2867 annm,
511 2790 709 2876 Arpinorum
733 2793 895 2876 plnrnmoe
915 2796 1074 2880 perdidit,
1101 2796 1248 2878 paceque

148 2893 295 2955 ductores
312 2893 397 2955 vidit
417 2892 621 2955 interemtoe:
647 2891 717 2973 lpse
732 2912 805 2955 vero
823 2914 895 2956 cnm
911 2894 1061 2957 dedecore
1077 2903 1246 2974 superatos,

149 3011 221 3055 cnm
238 2991 390 3055 indecies
415 2990 462 3052 ad
478 2989 659 3053 lrnmandoe
677 3000 818 3053 mortuos
841 2991 981 3054 obtinere
996 3012 1061 3053 non
1077 2992 1247 3072 potnieeet,

149 3088 284 3172 errpplee
300 3088 444 3153 Athenae
468 3088 566 3164 venit,
593 3106 692 3169 qnam
716 3098 791 3150 tnnc
813 3088 978 3151 civitatem
1002 3089 1140 3153 Therme
1163 3109 1249 3171 repe-

150 3186 216 3262 bat,
234 3208 364 3269 eumque
380 3186 489 3250 orarit
505 3204 544 3247 ne
560 3184 648 3246 viroe
665 3184 747 3247 tales
761 3183 936 3267 insepultos
944 3184 1056 3266 jacere
1063 3206 1129 3267 pro
1145 3186 1250 3249 nihilo

150 3287 288 3358 deceret,
306 3303 381 3347 neve
396 3292 572 3365 pateretur
583 3281 776 3364 proculcari
800 3283 973 3366 antiquam
998 3302 1126 3356 rnorem,
1152 3292 1182 3345 et
1191 3283 1250 3363 jns

150 3477 242 3519 naturae
257 3471 331 3529 leges.
347 3468 404 3514 Eos.
422 3466 489 3515 Ises.
500 3478 558 3514 rur.
570 3465 607 3515 19.
623 3464 676 3527 (De
769 3452 781 3485 δ
796 3451 882 3511 Νόμον
893 3450 1024 3512 δαιμόνων]
1040 3452 1170 3511 Sophocles
1177 3452 1252 3510 Aiace

149 3544 282 3604 Martyn‘d.
301 3541 425 3588 Paloerlr'n.
441 3554 494 3600 eep.
510 3541 532 3588 9.
548 3554 604 3599 pag.
622 3540 675 3586 425.
726 3529 795 3587 (vers.
805 3529 887 3583 1149.)
899 3529 961 3575 idem
973 3528 1034 3574 θεαῖν
1049 3529 1135 3588 νόμους
1151 3528 1211 3576 dixit
1225 3529 1251 3577 in

150 3620 219 3666 Edit.
233 3618 372 3677 Cantabriq.
388 3615 463 3663 Valeo.
475 3614 554 3675 1720.)
726 3607 852 3668 Antiqone.
868 3604 940 3664 (vers.
950 3604 1016 3665 462.)

151 3854 289 3923 disgraces
300 3851 457 3922 humanity,
471 3867 502 3905 as
513 3851 589 3914 Leo;
611 3848 712 3903 insulto
727 3845 858 3911 decency‚
871 3856 902 3894 as
916 3838 1025 3893 Isidore
1039 3853 1109 3909 says.

213 3943 230 3989 2
252 3937 319 3991 This
333 3937 417 4006 right,
431 3953 462 3990 as
476 3936 561 4005 being
581 3948 712 3989 common
726 3937 757 3984 to
771 3929 809 3981 all
824 3924 947 3979 civilizcd
965 3940 1040 3985 men,
1056 3938 1111 3975 was
1126 3920 1252 3975 referred

151 4026 183 4074 to
196 4019 247 4074 the
268 4021 337 4091 gods
360 4037 390 4075 as
413 4023 449 4074 its
472 4020 595 4074 authors.
643 4018 681 4072 So
696 4017 726 4069 in
747 4013 796 4066 the
809 4009 948 4080 Supplieer
962 4006 995 4060 of
1010 4006 1177 4076 Euripidee;
1202 4003 1252 4059 the

152 4103 286 4174 Antipera
301 4105 334 4158 of
346 4105 507 4176 Sophocles.
556 4097 646 4173 [See]

207 4195 223 4244 3
247 4190 285 4243 So
297 4190 434 4245 Isocrates
445 4190 476 4242 in
486 4188 593 4245 several
604 4187 697 4258 places
702 4185 728 4247 *,
740 4179 910 4239 Herodotus,
923 4174 1074 4240 Diodorus,
1083 4172 1252 4247 Xenophon,

153 4275 250 4346 Lysias
265 4275 321 4328 and
333 4274 496 4342 Aristides†.

272 4391 285 4417 ⁸
300 4390 353 4438 The
363 4402 464 4450 punge
473 4391 548 4437 about
555 4389 597 4435 the
607 4386 721 4434 mensus
730 4383 751 4429 is
760 4378 871 4439 strongly
880 4375 985 4438 applied·
1010 4374 1037 4424 J.
1048 4374 1078 4425 B.

267 4469 287 4524 †
300 4465 353 4512 'l'he
363 4478 465 4525 penge
474 4464 502 4511 ot
510 4464 631 4512 Aristides
640 4462 665 4508 ln
675 4457 786 4519 strongly
794 4455 902 4516 applied.
932 4453 957 4500 J.
967 4452 1001 4501 Β.
