3000 5062
96 325 164 379 Ger.
180 318 261 391 XX]
537 324 589 376 DE
612 324 750 378 POENIS.
1137 319 1200 385 277

96 489 185 576 quasi
200 510 262 553 uno
274 487 335 553 fine
351 488 472 555 sublato
486 487 613 555 tollatur
626 510 729 574 poena,
746 510 815 553 eum
833 495 941 554 eontra
955 509 1061 553 omnes
1078 509 1199 555 cessare

97 596 241 674 oporteat
258 595 293 651 ut
314 609 416 674 poenm
433 589 517 653 locus
540 587 668 653 nonsit.
711 587 834 653 Deinde
855 587 940 652 illum
963 588 1054 653 finem
1073 587 1197 667 omittit,

98 709 167 752 cum
184 687 276 750 homo
293 686 524 752 inemendabilis
541 685 614 751 vitm
637 685 792 764 eximitur,
815 708 854 751 ne
872 687 962 773 plura
976 695 1032 752 aut
1051 686 1198 775 graviora

97 794 223 873 peccet:
255 793 287 849 et
319 786 402 871 quod
435 786 475 851 de
499 785 626 872 jactura
651 785 810 872 dignitatis
835 785 923 863 dixit,
950 784 1043 851 etiam
1070 785 1198 851 adalia

98 885 220 959 demna,
239 905 310 968 qum
326 892 515 961 metuuntur,
534 883 762 949 extendendum
779 884 845 950 suit

174 985 195 1047 2
229 982 342 1048 Melius
360 984 477 1049 Seneca
492 1005 560 1048 cum
578 982 677 1049 dixit.
695 986 738 1048 In
754 985 992 1049 vindicandis
977 985 1115 1068 cojuriis
1129 986 1197 1052 teo
1211 1005 1327 1045 mem

99 1085 169 1147 tric
191 1083 242 1148 len
263 1095 399 1168 seqsruta
419 1091 475 1161 est,
498 1106 569 1169 quoe
583 1083 738 1167 princeps
760 1105 885 1169 quoque
907 1084 998 1197 septi
1018 1077 1156 1159 debet)
1160 1053 1234 1151 et22

98 1194 158 1246 aut
178 1204 248 1247 eum
265 1204 358 1266 quem
374 1185 475 1267 punit
496 1184 644 1256 emendet,
667 1190 727 1245 esst
743 1194 783 1247 ut
798 1204 898 1267 perse
915 1183 983 1265 ejus
1002 1194 1119 1249 eeteros
1135 1206 1199 1250 me-

100 1282 196 1346 liores
214 1283 342 1358 reddat,
367 1293 426 1345 aut
442 1294 480 1345 ut
493 1283 633 1346 wilatis
652 1282 751 1346 malis
771 1284 946 1347 securiores
963 1282 1060 1347 ceteri
1074 1285 1196 1348 vivant.

97 1379 179 1444 Nam
197 1378 247 1444 hic
262 1379 288 1443 si
305 1400 362 1465 per
379 1390 498 1444 ceteros
512 1378 677 1467 intelligas,
695 1401 757 1445 non
774 1380 874 1444 minus
886 1379 939 1465 qui
953 1380 1019 1445 laesi
1031 1379 1096 1465 jam
1114 1390 1196 1460 sunt,

97 1499 190 1564 quam
219 1477 274 1564 qui
298 1478 370 1543 laedi
396 1478 498 1542 adhrm
524 1487 661 1565 possunt,
691 1478 812 1565 plenam
836 1479 965 1544 habebis
987 1479 1196 1566 partitionem,

98 1576 156 1641 nisi
173 1578 256 1663 quod
274 1577 315 1642 ad
331 1576 407 1642 illud
423 1579 561 1643 evellatis
576 1576 752 1642 addendum
767 1577 834 1655 fuit,
851 1586 906 1643 eut
922 1577 1080 1663 repressis.
1115 1580 1198 1644 Nam

98 1684 131 1741 et
155 1675 276 1741 vincula
301 1684 334 1742 et
360 1698 551 1763 quaeeunque
576 1684 624 1741 est
654 1675 764 1740 virium
794 1675 961 1742 deminutio
989 1698 1027 1741 eo
1051 1676 1196 1762 pertinet.

98 1775 204 1839 Minus
230 1776 368 1861 perfecta
384 1783 433 1839 est
454 1774 508 1839 ills
529 1774 590 1839 alio
609 1775 677 1839 loco
698 1775 834 1861 ejusdem
857 1775 982 1840 Seneeae
1003 1774 1197 1841 distributio·

98 1877 173 1939 Hoc
188 1896 310 1959 semper
325 1878 361 1939 irs
382 1897 469 1940 omre
464 1876 767 1940 animadversione
789 1876 939 1950 servabit,
962 1875 1102 1940 retaciat
1119 1877 1196 1941 elte-
1209 1892 1256 1932 ub
1265 1892 1278 1930 1
1284 1893 1361 1938 cerro

98 1996 173 2037 rom
194 1976 345 2039 adhiberi
372 1986 410 2038 nt
435 1976 575 2039 ensendet
596 1975 708 2047 melos,
731 1975 871 2039 alteram
898 1985 937 2037 ut
961 1972 1064 2037 tollet.
1115 1951 1251 2039 111111Μι

99 2072 281 2149 Quintiliani
297 2071 412 2137 dictum
431 2072 589 2157 aliquanto
607 2070 700 2136 etiam
717 2071 945 2157 imperfectius.
974 2074 1088 2137 Omnis
1099 2095 1198 2156 poene
1213 2092 1266 2131 neu
1276 2091 1317 2134 sre

96 2194 160 2236 reon
175 2184 245 2236 tam
262 2175 307 2237 cd
324 2173 478 2237 delictum
494 2173 632 2256 pertinet
649 2193 748 2253 quam
764 2173 811 2236 ed
826 2172 1012 2256 coemptum.

96 2337 151 2384 atili
160 2338 227 2398 operi
237 2338 329 2398 inicere
344 2350 424 2382 eonem
434 2336 536 2382 membra
546 2336 624 2382 (leser-
674 2338 731 2382 reis
740 2334 936 2395 πλησιάζοντας.
951 2336 977 2383 ci
987 2336 1038 2396 γάρ
1051 2334 1143 2395 ἑτέρων
1158 2355 1199 2384 τι·

95 2414 169 2460 siant.
205 2413 267 2460 vide
284 2417 309 2459 et
325 2412 431 2458 Nectarii
447 2412 573 2471 epistolam
593 2412 624 2457 sd
672 2411 763 2470 μωρίαι
778 2412 910 2469 βαλτιοῦσι
925 2412 984 2458 reis
999 2411 1112 2458 πολλοὺς
1125 2412 1199 2472 φόβῳ

96 2489 270 2549 Augustiuum,
285 2502 338 2548 quen
348 2494 385 2534 est
395 2500 445 2534 ecc.
673 2486 719 2531 τοῦ
729 2485 763 2543 μή
772 2483 941 2544 παραπλήσια
951 2484 1050 2531 παθεῖν·
1063 2500 1200 2546 poeuasaepe

142 2563 153 2596 Ι
173 2564 206 2610 Ut
220 2569 263 2609 aut
278 2578 328 2609 eum
344 2577 411 2623 quem
426 2563 497 2623 punit
516 2562 624 2619 mordet,
672 2561 773 2621 corripit
782 2565 804 2606 et
813 2560 917 2606 emendet
927 2561 998 2606 meru
1005 2574 1056 2607 enm
1065 2561 1201 2621 quipecca·

95 2646 169 2688 catut
176 2640 304 2701 poemcjes
319 2640 622 2699 ceterosmelieresreddet]
672 2638 720 2684 cit:
737 2636 838 2697 quodsi
853 2635 881 2681 id
895 2649 941 2681 nen
953 2636 1052 2695 mentm,
1067 2641 1128 2683 certe
1137 2637 1200 2683 alios

96 2718 160 2764 nec
172 2719 220 2762 duo
236 2717 309 2763 etiam
329 2717 398 2763 Philo
414 2717 495 2777 posuit
512 2717 538 2762 in
554 2717 621 2775 legs·
671 2727 770 2771 querum
789 2711 824 2757 ed
842 2710 951 2756 notitiam
966 2712 1089 2770 peruenit:
1116 2711 1201 2757 meritos

95 2794 173 2838 tione:
190 2793 232 2838 ὅτι
251 2794 293 2837 καὶ
311 2790 325 2846 η’
339 2791 444 2838 κόλασις
455 2791 566 2838 νουθετεῖ
580 2791 621 2837 καὶ
671 2789 731 2834 euim
748 2787 853 2832 meliores
865 2786 966 2845 faciunt
981 2785 1062 2832 aliena
1081 2787 1201 2845 mpptiete

96 2866 245 2925 σωφρονῖζει
271 2864 397 2911 πολλάκις
427 2866 473 2924 μὲν
498 2866 538 2911 xci
563 2867 622 2910 τοὺς
667 2862 739 2920 paris
750 2862 809 2907 mali
812 2861 954 2918 formidine,
969 2860 1035 2921 (pag.
1046 2861 1091 2911 992
1103 2862 1140 2920 Β.)

94 2940 294 3000 ἁμαρτάνοντας·
311 2942 332 2985 sl
346 2941 371 2985 dd
388 2939 431 2997 ptri,
445 2939 547 2985 πάντως
561 2940 623 2998 ’γοῦν

96 3189 130 3244 of
140 3189 322 3261 punishment
344 3189 367 3241 is
386 3186 472 3241 taken
493 3203 579 3256 away,
601 3183 651 3239 the
672 3185 854 3255 punishment
875 3180 978 3237 should
995 3181 1033 3236 be
1050 3182 1200 3248 removed3

95 3275 177 3330 while
192 3292 229 3329 on
244 3275 294 3328 the
306 3272 387 3327 other
399 3271 483 3333 hand,
497 3272 537 3324 all
551 3271 600 3325 the
612 3269 681 3323 ends
692 3276 768 3323 must
780 3285 860 3323 cesse
872 3272 903 3321 to
917 3267 988 3320 exist
1000 3267 1028 3319 in
1042 3267 1126 3320 order
1137 3266 1201 3322 that

95 3360 176 3415 there
187 3377 253 3429 moy
264 3359 300 3411 be
313 3374 350 3410 no
362 3356 471 3426 ground
484 3356 528 3409 t'or
540 3355 729 3425 punishment.
763 3353 827 3407 And
840 3367 985 3406 moreover
997 3350 1033 3405 he
1043 3351 1125 3405 omits
1137 3350 1201 3407 that

95 3446 160 3508 end,
182 3444 262 3496 when
279 3460 297 3495 a
317 3458 383 3493 man
397 3439 459 3494 who
475 3441 497 3494 is
509 3440 717 3494 unamenduble
728 3439 751 3493 is
770 3438 903 3493 removed
918 3436 992 3490 from
1010 3436 1069 3500 life,
1082 3435 1145 3491 that
1162 3436 1201 3491 he

95 3548 160 3600 may
173 3536 223 3582 not
235 3527 350 3582 commit
366 3542 443 3580 more
455 3542 488 3580 or
499 3533 611 3596 greater
623 3526 739 3579 crimes:
763 3524 818 3578 and
834 3523 909 3577 what
923 3521 960 3577 he
974 3538 1037 3594 says
1051 3521 1085 3576 of
1101 3521 1157 3577 less
1170 3522 1204 3577 oi

99 3616 216 3687 dignity‚
229 3615 252 3667 is
266 3619 296 3666 to
312 3613 348 3667 be
359 3612 498 3666 extondcd
511 3619 541 3665 te
554 3611 635 3666 other
649 3611 717 3666 evils
728 3610 818 3665 which
833 3626 881 3665 are
896 3615 926 3663 to
939 3609 975 3663 be
986 3607 1090 3663 ieared.

153 3709 169 3754 2
194 3702 302 3754 Seneca
313 3699 400 3770 spoke
411 3698 506 3753 better
520 3698 599 3751 when
612 3696 649 3751 he
665 3697 724 3751 said
736 3718 743 3752 ε
762 3698 799 3750 Ie
806 3696 957 3768 periitne
967 3712 1082 3765 esoces,
1094 3696 1135 3748 tite
1146 3694 1201 3748 lew

95 3789 144 3840 les
156 3789 211 3840 ised
221 3789 285 3840 these
298 3787 366 3839 three
380 3786 481 3855 elp'eets,
495 3784 577 3837 witich
589 3785 629 3837 tire
639 3784 735 3853 prirece
745 3784 802 3837 also
815 3784 895 3853 eupit
907 3790 933 3836 to
948 3782 1005 3834 aim
1017 3790 1067 3841 etr
1081 3781 1162 3835 eitltsr
1173 3789 1199 3835 to

96 3874 195 3925 ‹onemt
206 3874 260 3925 him
272 3873 330 3924 celso
342 3873 365 3925 is
373 3871 523 3940 prenislredr
542 3887 574 3923 or
586 3878 613 3922 te
624 3869 701 3923 meis
712 3871 797 3923 others
812 3870 892 3922 better
909 3869 942 3937 by
956 3869 997 3921 tte
1005 3867 1198 3936 punishmeotr

95 3975 128 4009 or
140 3966 165 4009 to
178 3957 255 4009 make
269 3958 310 4010 tlte
324 3958 430 4024 restes
441 3955 576 4008 mankind
586 3970 659 4006 mere
670 3971 758 4007 secrsre
777 3955 811 4022 by
822 3953 959 4018 removisse
978 3951 1019 4004 tle
1037 3950 1099 4002 bed.
1142 3949 1201 4002 For

95 4040 172 4103 here,
184 4042 209 4092 if
218 4041 255 4111 hy
267 4042 307 4094 tte
318 4049 378 4103 rest,
391 4040 427 4093 he
442 4055 538 4093 means
549 4046 600 4092 not
614 4037 681 4107 only
693 4035 843 4090 thosewho
854 4036 925 4089 hare
935 4034 1007 4089 been
1019 4033 1139 4102 injured,
1147 4032 1201 4086 but

95 4126 191 4179 others
204 4125 265 4178 who
278 4141 342 4194 may
356 4123 499 4179 heresiter
511 4123 547 4177 bo
561 4139 601 4187 so,
619 4138 676 4192 you
694 4121 766 4175 have
779 4137 796 4173 a
810 4118 950 4189 complete
967 4118 1085 4171 division
1104 4117 1139 4171 oi
1149 4116 1200 4170 the

95 4211 213 4279 subject,
227 4216 327 4280 except
342 4209 405 4262 that
423 4215 454 4262 te
474 4208 611 4277 removisse
625 4222 681 4276 you
694 4204 795 4259 should
812 4204 869 4257 sdd
887 4221 919 4256 or
939 4202 1098 4272 repressisse.
1142 4201 1200 4255 For

94 4296 166 4349 both
178 4296 400 4365 imprisonment,
418 4294 474 4347 and
494 4309 550 4362 any
568 4291 651 4345 other
670 4306 731 4361 way
753 4288 786 4343 of
803 4286 984 4358 diminishing
1003 4286 1077 4341 their
1096 4302 1199 4357 power,

94 4381 177 4434 tende
199 4379 249 4434 tho
279 4395 356 4433 same
377 4394 445 4448 wey.
502 4377 547 4431 lle
574 4375 625 4429 has
651 4374 771 4429 another
790 4374 844 4429 less
875 4370 985 4444 perfect
1013 4372 1148 4444 partition
1168 4372 1199 4425 in

95 4467 214 4520 another
229 4464 327 4536 place;
348 4479 378 4516 as
393 4462 444 4516 has
457 4459 623 4525 Quintilian.
