3000 5062
275 301 339 365 132
486 309 539 364 ΒΕ
560 306 778 363 FEDERIBUS
800 304 849 360 AO
872 303 1163 361 SPONSIONIBUS.
1214 364 1217 369 ,
1254 302 1327 372 [Lis.
1337 304 1375 360 11.

350 472 391 538 V.
436 472 453 535 1
490 469 535 536 At
561 468 650 536 nobis
677 467 852 535 accuratius
878 467 1069 534 instituenda
1095 466 1224 553 partitio
1251 474 1308 544 est,
1341 477 1377 536 ιιι

274 571 409 659 primum
434 569 572 635 dicamus
588 569 698 634 federa
721 568 783 633 alia
799 568 881 634 idem
907 566 1104 643 constituere,
1122 566 1206 651 quod
1227 565 1309 652 juris
1328 577 1377 634 est

274 669 435 746 naturalis,
453 668 516 734 alia
531 667 648 753 aliquid
664 667 693 732 ei
709 666 854 754 adjicere.
893 664 1030 731 ⁴Prioris
1046 665 1171 754 generis
1185 665 1294 732 federa
1313 689 1377 733 non

275 779 399 837 tantum
426 767 495 833 fieri
524 768 625 833 solent
648 766 731 832 inter
756 767 862 832 hostes
887 765 940 852 qui
967 788 987 831 a
1016 765 1097 831 bello
1117 764 1290 842 discedunt,
1319 768 1376 832 sod

274 868 347 936 olim
372 876 405 933 et
429 866 546 932 fiebant
566 888 659 953 sape,
685 875 718 932 et
739 864 844 951 aliquo
866 866 958 930 modo
983 873 1074 929 erant
1096 864 1271 930 necessaria
1292 865 1377 932 inter

274 967 398 1054 eosqui
420 975 494 1045 ante
511 965 590 1031 nihil
611 963 858 1031 contraxissent:
881 964 914 1030 id
933 963 1006 1029 inde
1023 972 1136 1041 ortum,
1161 964 1245 1049 quod
1265 965 1376 1053 regula

274 1067 328 1133 illa
347 1067 428 1153 juris
444 1065 605 1141 naturalis,
631 1064 846 1152 cognationem
868 1063 950 1128 inter
967 1062 1107 1128 homines
1128 1063 1285 1149 quandam
1307 1086 1376 1130 esse

274 1189 295 1232 a
317 1176 442 1241 natura,
465 1185 503 1230 ao
527 1163 659 1251 proinde
684 1163 772 1229 nefas
798 1185 865 1229 esse
887 1162 1021 1228 alterum
1043 1163 1084 1227 ab
1107 1162 1207 1229 altero
1231 1163 1314 1240 laedi,
1340 1173 1376 1231 ut

276 1265 349 1332 olim
373 1273 447 1330 ante
464 1262 621 1340 diluvium,
647 1262 693 1328 ita
711 1284 819 1327 rursus
842 1262 946 1348 aliquo
969 1269 1039 1348 post
1061 1261 1210 1327 diluvium
1236 1270 1377 1349 tempore

275 1364 365 1429 malis
389 1362 526 1428 moribus
552 1369 634 1427 esset
653 1361 828 1439 obliterata,
855 1361 918 1426 eita
942 1370 978 1426 ut
1000 1360 1177 1426 latrocinari
1198 1370 1232 1427 et
1252 1362 1376 1448 prades

275 1484 372 1551 agere
396 1462 429 1527 in
452 1470 607 1537 externos,
633 1460 717 1526 nullo
735 1460 815 1526 bello
838 1459 965 1538 indicto,
991 1482 1049 1548 pro
1073 1459 1158 1527 licito
1184 1460 1373 1538 haberetur;

110 1577 261 1665 &rygh
277 1563 361 1649 quod
375 1556 561 1639 Σκυθισιιδν
578 1568 670 1626 vocat
685 1559 886 1646 Epiphanius.

109 1672 243 1721 aceom.
352 1664 373 1726 2
406 1660 492 1727 Hinc
512 1660 566 1726 illa
582 1651 679 1746 ‘apud
699 1659 884 1736 Homerum,
906 1681 947 1725 sn
968 1660 1131 1747 predones
1147 1660 1252 1727 estis?
1276 1659 1376 1726 amica

274 1760 489 1850 interrogatio,
516 1759 622 1846 “cujus
649 1767 682 1824 et
708 1758 908 1845 Thucydides
936 1760 1085 1837 meminit,
1120 1769 1153 1826 et
1185 1761 1218 1825 in
1252 1759 1375 1825 Solonis

110 1874 256 1971 mn&
275 1860 347 1950 lege
364 1860 463 1926 veteri
480 1859 611 1946 collegia
628 1854 685 1926 ἐπὶ
710 1858 801 1926 λείαν
817 1854 1014 1952 ἐρχομένων·
1039 1861 1163 1946 quippe,
1179 1867 1216 1924 ιιι
1231 1860 1254 1924 J
1257 1859 1376 1925 ustinus

110 1966 156 2008 ¹³¹³·
166 1965 246 2006 *ΗΜ
274 1960 328 2039 ait,
346 1959 388 2026 sd
405 1957 567 2044 Tarquinii
583 1968 725 2045 tempora
740 1956 934 2024 latrocinium
951 1958 1046 2025 maris
1061 1958 1162 2047 gloria
1177 1958 1374 2024 habebatur:

275 2068 309 2127 et
324 2059 400 2127 illud
416 2059 449 2124 in
465 2060 607 2124 Romano
621 2057 704 2144 jure,
728 2066 764 2123 οι
785 2055 812 2124 si
836 2079 904 2123 cum
925 2067 1020 2146 gente
1035 2058 1140 2144 aliqua
1156 2080 1257 2144 neque
1272 2057 1377 2123 amici·

320 2238 332 2267 ⁴
347 2238 437 2285 Confer
446 2237 670 2290 Puranaoarruas,
687 2235 727 2282 De
740 2235 804 2282 Jurc
851 2236 914 2282 Saxo
924 2235 986 2281 libro
997 2248 1053 2281 xiv.
1063 2238 1089 2281 et
1099 2234 1163 2281 aiibi.
1195 2235 1263 2280 Idem
1273 2234 1303 2280 de
1313 2234 1378 2293 'lyr-

275 2314 336 2360 th.
348 2313 449 2361 caena
468 2312 521 2359 Lib.
533 2325 591 2358 vrri.
609 2325 660 2371 cap.
673 2313 710 2357 10.
735 2310 803 2358 J.B.
850 2311 1056 2371 rhenisacriptnm
1070 2315 1107 2356 est
1118 2309 1199 2356 Servio
1214 2309 1378 2358 aduram.

321 2397 332 2423 e
347 2388 389 2434 Ita
399 2393 425 2434 ιιι
436 2388 580 2434 latrocinari
589 2392 612 2433 et
621 2386 721 2446 proedue
733 2400 804 2447 cgere
851 2391 877 2433 et
887 2399 914 2431 x.
926 2385 1052 2440 AEucidor,
1067 2389 1093 2431 et
1107 2385 1138 2430 de
1152 2385 1206 2431 aliis
1219 2385 1331 2444 gentihus
1346 2385 1379 2430 ad

276 2464 303 2513 ιἰι
312 2470 427 2520 externos,
434 2463 499 2508 nulio
510 2462 569 2509 bello
579 2462 676 2517 indicto,
684 2476 729 2520 pro
737 2462 804 2507 licito
851 2461 955 2521 primum
963 2461 1088 2507 AEncidor.
1109 2460 1216 2506 Diodoro
1222 2460 1302 2505 Siculo
1309 2459 1377 2518 (Lib.

275 2537 412 2599 ιιοιονιιιιν]
437 2538 518 2585 cam
534 2537 563 2583 de
582 2537 716 2593 Germanis,
731 2536 804 2594 (Bell.
851 2548 876 2582 v.
890 2550 942 2597 cap.
953 2534 996 2595 et)
1015 2535 1044 2581 dc
1058 2535 1197 2583 Lusitanis:
1214 2536 1311 2595 quicum
1320 2535 1380 2581 Plu·

279 2615 346 2662 Gall.
358 2628 393 2660 vi.
403 2614 450 2671 23.)
470 2610 805 2658 neocaesariensium
852 2610 949 2656 tarchus
962 2611 1082 2656 consentit
1092 2610 1185 2658 llario:
1201 2610 1234 2657 τὸ
1245 2611 1379 2670 λῃστεύειν

276 2689 403 2748 infamiam
416 2701 469 2747 quea
483 2691 552 2732 extra
560 2687 625 2745 fines
639 2685 732 2744 citiusne
745 2685 805 2731 cici·
852 2685 921 2732 οὔπω
932 2684 995 2731 suive
1003 2685 1167 2744 τοῖνἸβιῖροιν
1175 2686 1230 2746 οὐχι
1238 2684 1380 2731 κάλλιστον

276 2762 335 2810 mats
344 2762 419 2820 fiunt.
449 2760 551 2806 Accedit
565 2759 646 2806 Testis
662 2759 761 2805 Tacitus
776 2759 805 2805 de
851 2759 1001 2820 ἡγουμένων·
1017 2760 1052 2805 ad
1065 2760 1093 2805 td
1106 2766 1195 2819 tempu
1208 2759 1327 2819 Hispania
1341 2760 1379 2805 lu·

277 2838 389 2885 armeus
400 2835 544 2893 (ierarchica,
559 2834 624 2896 (cap.
635 2837 665 2881 14
680 2839 706 2882 et
720 2833 763 2894 tt)
780 2840 806 2881 et
852 2835 969 2881 trocincri
984 2835 1046 2881 brier
1057 2834 1221 2895 pulcherrim
1239 2833 1379 2883 maesto.

276 3088 433 3163 friendship
448 3089 505 3146 and
518 3090 657 3156 alliauee;
678 3087 789 3146 neither
810 3096 894 3162 party
912 3090 1008 3161 giving
1028 3090 1085 3144 and
1105 3088 1217 3146 neither
1233 3089 1378 3162 receiving

276 3175 326 3231 the
340 3175 400 3230 lav.

332 3263 368 3318 V.
408 3269 422 3317 1
448 3263 500 3318 We
522 3267 598 3318 must
616 3263 699 3318 make
718 3279 737 3316 a
756 3278 835 3318 more
854 3266 985 3317 accurate
1005 3261 1131 3317 division.
1176 3261 1229 3317 We
1242 3278 1293 3333 say
1306 3261 1377 3317 theu

276 3348 339 3404 that
356 3365 434 3406 some
452 3350 568 3404 treaties
590 3349 724 3405 establish
746 3348 809 3404 that
825 3347 916 3403 vhich
934 3348 958 3402 ιι
981 3346 1174 3404 conformable
1197 3354 1228 3403 to
1253 3348 1377 3403 Natural

274 3434 362 3499 Lavv3
388 3435 485 3489 others
507 3435 564 3489 add
587 3434 746 3504 something
770 3440 801 3487 to
822 3434 853 3488 it
899 3433 1025 3488 Treatiea
1047 3433 1081 3488 of
1104 3434 1153 3489 the
1174 3433 1281 3488 former
1305 3432 1377 3487 kind

275 3535 325 3572 are
347 3526 399 3573 not
419 3519 487 3590 only
500 3520 660 3589 commonly
682 3519 765 3573 mado
783 3518 821 3589 by
835 3518 937 3574 hostile
957 3519 1062 3590 parties
1082 3519 1187 3590 ending
1204 3535 1223 3572 a
1236 3535 1302 3583 war,
1322 3517 1378 3574 but

274 3602 411 3673 formerly
423 3620 496 3658 vero
508 3601 578 3656 both
592 3603 731 3673 frequent,
742 3601 799 3656 and
811 3604 840 3654 in
851 3620 869 3656 a
883 3605 990 3659 certain
1004 3621 1065 3675 vay
1079 3620 1233 3675 necessary,
1246 3604 1378 3659 between

276 3685 358 3740 those
372 3686 435 3739 who
448 3686 506 3739 had
525 3687 624 3741 before
644 3686 701 3740 had
721 3685 841 3757 nothing
855 3694 886 3742 to
907 3689 944 3745 do
964 3690 1033 3745 vvith
1052 3689 1122 3744 each
1137 3689 1230 3744 other.
1272 3688 1377 3744 Which

275 3786 356 3825 arose
370 3769 445 3825 from
459 3770 525 3835 this,
540 3770 602 3825 that
616 3770 665 3825 the
680 3770 742 3824 rule
756 3770 790 3825 of
803 3772 924 3829 Natural
938 3776 1013 3840 hav,
1027 3775 1090 3830 that
1103 3775 1185 3830 there
1198 3775 1222 3829 is
1236 3790 1255 3828 a
1267 3776 1376 3830 cenain

274 3855 387 3910 natural
408 3855 590 3927 relationship
612 3872 715 3927 among
736 3872 811 3921 meu,
827 3859 884 3912 and
908 3860 971 3914 that
989 3859 1131 3916 therefore
1151 3862 1175 3915 it
1193 3860 1217 3915 is
1239 3860 1376 3915 unlavvful

273 3943 320 3998 for
333 3959 388 3999 oue
402 3959 468 3997 man
483 3948 513 3997 to
531 3941 613 3996 harm
627 3942 754 4008 another,
772 3959 803 3997 aa
817 3944 841 3998 it
855 3961 910 3999 vas
925 3945 1094 4001 obliterated
1107 3947 1145 4017 by
1159 3946 1264 4000 vicious
1281 3944 1377 4001 habits

273 4029 372 4085 before
386 4029 436 4084 the
450 4028 560 4099 deiuge,
581 4043 612 4082 ιο
627 4046 682 4084 was
696 4029 720 4083 it
734 4031 817 4101 again
831 4030 907 4085 after
920 4030 971 4086 the
985 4032 1102 4103 deiuge:
1126 4047 1158 4086 so
1175 4030 1239 4085 that
1252 4031 1376 4103 robhery

273 4116 330 4171 and
344 4105 465 4187 plunder
479 4115 512 4170 of
523 4121 664 4184 strangers
677 4114 797 4171 without
817 4116 960 4188 deciaring
981 4134 1046 4183 war,
1063 4133 1119 4171 vvas
1138 4116 1206 4172 held
1223 4116 1334 4171 lavful:
1356 4133 1378 4172 a

273 4201 414 4274 Scythiam,
428 4218 459 4256 aa
473 4200 648 4273 Epiphanius
663 4201 731 4256 calla
746 4201 777 4256 it.

328 4294 345 4340 2
367 4288 464 4341 Hence
478 4303 520 4341 vo
536 4286 608 4340 hare
622 4285 685 4341 that
702 4288 831 4356 question
845 4289 875 4343 in
890 4289 1005 4353 Homer,
1019 4288 1076 4344 Are
1090 4305 1126 4360 yo
1143 4288 1270 4344 Pirates?
1287 4286 1377 4343 aaked

271 4386 303 4425 aa
320 4388 357 4424 an
370 4371 534 4427 inoffeneive
547 4371 667 4444 inquiry,
690 4389 721 4427 as
741 4374 919 4445 Thucydides
930 4375 1052 4429 notices:
1075 4374 1132 4429 and
1151 4374 1182 4427 in
1202 4390 1241 4429 an
1258 4372 1307 4429 oid
1321 4373 1378 4428 lav

271 4453 305 4508 of
320 4454 407 4510 Solon
427 4455 508 4512 there
526 4472 575 4514 are
597 4458 761 4517 mentioned
783 4460 944 4531 companies
963 4459 997 4514 of
1012 4458 1216 4525 sreeboorem
1237 4459 1324 4523 ιιιιοο,
1342 4474 1378 4515 aa
