<?xml version="1.0" encoding="UTF-8"?>
<!DOCTYPE html PUBLIC "-//W3C//DTD XHTML 1.0 Transitional//EN"
    "http://www.w3.org/TR/xhtml1/DTD/xhtml1-transitional.dtd">
<html xmlns="http://www.w3.org/1999/xhtml" xml:lang="en" lang="en">
 <head>
  <title>
</title>
<meta http-equiv="Content-Type" content="text/html;charset=utf-8" />
  <meta name='ocr-system' content='tesseract 3.04.00' />
  <meta name='ocr-capabilities' content='ocr_page ocr_carea ocr_par ocr_line ocrx_word'/>
</head>
<body>
  <div class='ocr_page' id='page_1' title='image "./hugonisgrotiide00whewgoog_0349.png"; bbox 0 0 3000 5062; ppageno 0'>
   <div class='ocr_carea' id='block_1_1' title="bbox 112 314 1213 393">
    <p class='ocr_par' dir='ltr' id='par_1_1' title="bbox 112 314 1213 393">
     <span class='ocr_line' id='line_1_1' title="bbox 112 314 1213 393; baseline -0.005 -13"><span class='ocrx_word' id='word_1_1' title='bbox 112 325 179 381; x_wconf 74' lang='lat' dir='ltr'><strong>Cur.</strong></span> <span class='ocrx_word' id='word_1_2' title='bbox 194 319 291 393; x_wconf 70' lang='lat' dir='ltr'><strong>xxi]</strong></span> <span class='ocrx_word' id='word_1_3' title='bbox 325 325 377 378; x_wconf 88' lang='lat' dir='ltr'><strong>DE</strong></span> <span class='ocrx_word' id='word_1_4' title='bbox 400 324 604 378; x_wconf 74' lang='lat' dir='ltr'>POENARUM</span> <span class='ocrx_word' id='word_1_5' title='bbox 627 322 990 380; x_wconf 65' lang='lat' dir='ltr'><strong>consummemus.</strong></span> <span class='ocrx_word' id='word_1_6' title='bbox 1147 314 1213 376; x_wconf 74' lang='grc'><strong>315</strong></span> 
     </span>
    </p>
   </div>
   <div class='ocr_carea' id='block_1_2' title="bbox 107 488 1371 1173">
    <p class='ocr_par' dir='ltr' id='par_1_2' title="bbox 113 488 1209 575">
     <span class='ocr_line' id='line_1_2' title="bbox 113 488 1209 575; baseline -0.001 -21"><span class='ocrx_word' id='word_1_7' title='bbox 113 492 195 554; x_wconf 85' lang='lat' dir='ltr'><strong>tium</strong></span> <span class='ocrx_word' id='word_1_8' title='bbox 214 488 362 573; x_wconf 82' lang='lat' dir='ltr'><strong>pulsant.</strong></span> <span class='ocrx_word' id='word_1_9' title='bbox 418 488 557 573; x_wconf 74' lang='lat' dir='ltr'><strong>Cumque</strong></span> <span class='ocrx_word' id='word_1_10' title='bbox 585 489 768 555; x_wconf 70' lang='lat' dir='ltr'><strong><em>Laurentes</em></strong></span> <span class='ocrx_word' id='word_1_11' title='bbox 785 490 863 574; x_wconf 85' lang='lat' dir='ltr'><strong>jure</strong></span> <span class='ocrx_word' id='word_1_12' title='bbox 890 491 1034 575; x_wconf 71' lang='lat' dir='ltr'><strong>pontium</strong></span> <span class='ocrx_word' id='word_1_13' title='bbox 1068 501 1209 573; x_wconf 71' lang='lat' dir='ltr'><strong>opereat,</strong></span> 
     </span>
    </p>

    <p class='ocr_par' dir='ltr' id='par_1_3' title="bbox 113 589 1209 674">
     <span class='ocr_line' id='line_1_3' title="bbox 113 589 1209 674; baseline 0 -23"><span class='ocrx_word' id='word_1_14' title='bbox 113 589 205 672; x_wconf 85' lang='lat' dir='ltr'><strong>apud</strong></span> <span class='ocrx_word' id='word_1_15' title='bbox 246 589 382 651; x_wconf 83' lang='lat' dir='ltr'><strong>Tatium</strong></span> <span class='ocrx_word' id='word_1_16' title='bbox 412 589 528 670; x_wconf 73' lang='lat' dir='ltr'><strong>pratia</strong></span> <span class='ocrx_word' id='word_1_17' title='bbox 560 608 693 652; x_wconf 84' lang='lat' dir='ltr'><strong>suorum</strong></span> <span class='ocrx_word' id='word_1_18' title='bbox 721 600 752 653; x_wconf 88' lang='lat' dir='ltr'><strong>ct</strong></span> <span class='ocrx_word' id='word_1_19' title='bbox 779 611 892 674; x_wconf 83' lang='lat' dir='ltr'><strong>preces</strong></span> <span class='ocrx_word' id='word_1_20' title='bbox 915 591 995 674; x_wconf 81' lang='lat' dir='ltr'><strong>plue</strong></span> <span class='ocrx_word' id='word_1_21' title='bbox 1020 600 1209 674; x_wconf 82' lang='lat' dir='ltr'><strong>potueruut.</strong></span> 
     </span>
    </p>

    <p class='ocr_par' dir='ltr' id='par_1_4' title="bbox 107 686 1371 1173">
     <span class='ocr_line' id='line_1_4' title="bbox 113 686 1318 775; baseline 0.001 -25"><span class='ocrx_word' id='word_1_22' title='bbox 113 688 224 770; x_wconf 79' lang='lat' dir='ltr'><strong>Iyitur</strong></span> <span class='ocrx_word' id='word_1_23' title='bbox 247 686 380 749; x_wconf 84' lang='lat' dir='ltr'><strong>illorum</strong></span> <span class='ocrx_word' id='word_1_24' title='bbox 399 707 531 769; x_wconf 80' lang='lat' dir='ltr'><strong>poenam</strong></span> <span class='ocrx_word' id='word_1_25' title='bbox 556 686 593 749; x_wconf 82' lang='lat' dir='ltr'><strong>in</strong></span> <span class='ocrx_word' id='word_1_26' title='bbox 617 708 650 751; x_wconf 83' lang='lat' dir='ltr'><strong>ee</strong></span> <span class='ocrx_word' id='word_1_27' title='bbox 674 688 779 751; x_wconf 85' lang='lat' dir='ltr'><strong>uertit.</strong></span> <span class='ocrx_word' id='word_1_28' title='bbox 832 688 904 752; x_wconf 88' lang='lat' dir='ltr'><strong>Huc</strong></span> <span class='ocrx_word' id='word_1_29' title='bbox 928 687 1054 775; x_wconf 80' lang='lat' dir='ltr'><strong>proprie</strong></span> <span class='ocrx_word' id='word_1_30' title='bbox 1074 686 1210 773; x_wconf 78' lang='lat' dir='ltr'><strong>pertinet</strong></span> <span class='ocrx_word' id='word_1_31' title='bbox 1254 734 1256 739; x_wconf 87' lang='lat'>-</span> <span class='ocrx_word' id='word_1_32' title='bbox 1314 710 1318 715; x_wconf 93' lang='lat'>·</span> 
     </span>
     <span class='ocr_line' id='line_1_5' title="bbox 113 782 1371 892; baseline -0.001 -44"><span class='ocrx_word' id='word_1_33' title='bbox 113 784 189 849; x_wconf 91' lang='lat' dir='ltr'><strong>illud</strong></span> <span class='ocrx_word' id='word_1_34' title='bbox 207 783 343 849; x_wconf 83' lang='lat' dir='ltr'><strong>Salviani</strong></span> <span class='ocrx_word' id='word_1_35' title='bbox 360 784 400 849; x_wconf 89' lang='lat' dir='ltr'><strong>de</strong></span> <span class='ocrx_word' id='word_1_36' title='bbox 416 782 561 871; x_wconf 88' lang='lat' dir='ltr'><strong>regibus:</strong></span> <span class='ocrx_word' id='word_1_37' title='bbox 588 787 765 850; x_wconf 81' lang='lat' dir='ltr'><strong>mPoteetcas</strong></span> <span class='ocrx_word' id='word_1_38' title='bbox 786 809 908 871; x_wconf 78' lang='lat' dir='ltr'><strong>moyua</strong></span> <span class='ocrx_word' id='word_1_39' title='bbox 930 799 960 851; x_wconf 86' lang='lat' dir='ltr'><strong>ct</strong></span> <span class='ocrx_word' id='word_1_40' title='bbox 970 787 1208 871; x_wconf 81' lang='lat' dir='ltr'><strong>potentissima,</strong></span> <span class='ocrx_word' id='word_1_41' title='bbox 1222 808 1371 892; x_wconf 39' lang='lat' dir='ltr'><strong>&amp;pynon</strong></span> 
     </span>
     <span class='ocr_line' id='line_1_6' title="bbox 114 880 1295 971; baseline 0.001 -23"><span class='ocrx_word' id='word_1_42' title='bbox 114 907 185 969; x_wconf 81' lang='lat' dir='ltr'><strong>quae</strong></span> <span class='ocrx_word' id='word_1_43' title='bbox 196 884 369 968; x_wconf 78' lang='lat' dir='ltr'><strong>prohibere</strong></span> <span class='ocrx_word' id='word_1_44' title='bbox 388 883 490 948; x_wconf 82' lang='lat' dir='ltr'><strong>sosine</strong></span> <span class='ocrx_word' id='word_1_45' title='bbox 511 886 691 949; x_wconf 80' lang='lat' dir='ltr'><strong>monimum</strong></span> <span class='ocrx_word' id='word_1_46' title='bbox 707 896 823 969; x_wconf 83' lang='lat' dir='ltr'><strong>potest,</strong></span> <span class='ocrx_word' id='word_1_47' title='bbox 843 888 940 967; x_wconf 62' lang='lat' dir='ltr'><strong>quom</strong></span> <span class='ocrx_word' id='word_1_48' title='bbox 957 886 1080 971; x_wconf 83' lang='lat' dir='ltr'><strong>probet</strong></span> <span class='ocrx_word' id='word_1_49' title='bbox 1099 886 1210 950; x_wconf 84' lang='lat' dir='ltr'><strong>detero</strong></span> <span class='ocrx_word' id='word_1_50' title='bbox 1289 880 1295 891; x_wconf 77' lang='grc'>’</span> 
     </span>
     <span class='ocr_line' id='line_1_7' title="bbox 107 982 1209 1070; baseline 0 -23"><span class='ocrx_word' id='word_1_51' title='bbox 107 985 186 1065; x_wconf 79' lang='lat' dir='ltr'><strong>fieri</strong></span> <span class='ocrx_word' id='word_1_52' title='bbox 201 984 232 1048; x_wconf 85' lang='lat' dir='ltr'><strong>ei</strong></span> <span class='ocrx_word' id='word_1_53' title='bbox 248 984 351 1047; x_wconf 74' lang='lat' dir='ltr'><strong>eciem</strong></span> <span class='ocrx_word' id='word_1_54' title='bbox 362 984 496 1067; x_wconf 84' lang='lat' dir='ltr'><strong>potitur</strong></span> <span class='ocrx_word' id='word_1_55' title='bbox 505 985 703 1067; x_wconf 78' lang='lat' dir='ltr'><strong>perpetrari.</strong></span> <span class='ocrx_word' id='word_1_56' title='bbox 747 982 792 1047; x_wconf 89' lang='lat' dir='ltr'><strong>Et</strong></span> <span class='ocrx_word' id='word_1_57' title='bbox 808 984 893 1070; x_wconf 94' lang='lat' dir='ltr'><strong>apud</strong></span> <span class='ocrx_word' id='word_1_58' title='bbox 910 983 1124 1070; x_wconf 81' lang='lat' dir='ltr'><strong>Thucydidem</strong></span> <span class='ocrx_word' id='word_1_59' title='bbox 1142 992 1209 1047; x_wconf 88' lang='lat' dir='ltr'><strong>est:</strong></span> 
     </span>
     <span class='ocr_line' id='line_1_8' title="bbox 114 1073 1328 1173; baseline -0.002 -26"><span class='ocrx_word' id='word_1_60' title='bbox 114 1073 315 1154; x_wconf 74' lang='lat' dir='ltr'><strong>dduusinevos</strong></span> <span class='ocrx_word' id='word_1_61' title='bbox 334 1085 468 1156; x_wconf 82' lang='grc' dir='ltr'><strong><em>παῦσαι,</em></strong></span> <span class='ocrx_word' id='word_1_62' title='bbox 487 1077 714 1173; x_wconf 74' lang='grc' dir='ltr'><strong><em>ἀληθέστερον</em></strong></span> <span class='ocrx_word' id='word_1_63' title='bbox 731 1073 801 1173; x_wconf 69' lang='grc' dir='ltr'><strong><em>δρᾷ·</em></strong></span> <span class='ocrx_word' id='word_1_64' title='bbox 826 1085 934 1168; x_wconf 66' lang='lat' dir='ltr'><strong>mauis</strong></span> <span class='ocrx_word' id='word_1_65' title='bbox 958 1084 1015 1148; x_wconf 81' lang='lat' dir='ltr'><strong>ille</strong></span> <span class='ocrx_word' id='word_1_66' title='bbox 1027 1084 1131 1165; x_wconf 81' lang='lat' dir='ltr'><strong>facit,</strong></span> <span class='ocrx_word' id='word_1_67' title='bbox 1153 1083 1210 1165; x_wconf 80' lang='lat' dir='ltr'><strong>qui</strong></span> <span class='ocrx_word' id='word_1_68' title='bbox 1223 1095 1328 1137; x_wconf 62' lang='lat' dir='ltr'><strong>latam</strong></span> 
     </span>
    </p>
   </div>
   <div class='ocr_carea' id='block_1_3' title="bbox 109 1178 1343 1293">
    <p class='ocr_par' dir='ltr' id='par_1_5' title="bbox 109 1178 1343 1293">
     <span class='ocr_line' id='line_1_9' title="bbox 109 1178 1343 1293; baseline -0.002 -48"><span class='ocrx_word' id='word_1_69' title='bbox 109 1193 216 1265; x_wconf 84' lang='lat' dir='ltr'><strong>potest</strong></span> <span class='ocrx_word' id='word_1_70' title='bbox 234 1182 416 1265; x_wconf 79' lang='lat' dir='ltr'><strong>prohibere.</strong></span> <span class='ocrx_word' id='word_1_71' title='bbox 459 1178 511 1244; x_wconf 90' lang='lat' dir='ltr'><strong>Sic</strong></span> <span class='ocrx_word' id='word_1_72' title='bbox 534 1181 619 1267; x_wconf 89' lang='lat' dir='ltr'><strong>apud</strong></span> <span class='ocrx_word' id='word_1_73' title='bbox 645 1180 766 1246; x_wconf 81' lang='lat' dir='ltr'><strong>Livium</strong></span> <span class='ocrx_word' id='word_1_74' title='bbox 787 1181 934 1247; x_wconf 78' lang='lat' dir='ltr'><strong>Veientes</strong></span> <span class='ocrx_word' id='word_1_75' title='bbox 961 1190 994 1246; x_wconf 88' lang='lat' dir='ltr'><strong>et</strong></span> <span class='ocrx_word' id='word_1_76' title='bbox 1018 1180 1122 1246; x_wconf 90' lang='lat' dir='ltr'><strong>Latini</strong></span> <span class='ocrx_word' id='word_1_77' title='bbox 1144 1181 1343 1293; x_wconf 54' lang='lat' dir='ltr'><strong>R⁰jkl¹gkffi</strong></span> 
     </span>
    </p>
   </div>
   <div class='ocr_carea' id='block_1_4' title="bbox 115 1278 1353 1857">
    <p class='ocr_par' dir='ltr' id='par_1_6' title="bbox 115 1278 1353 1857">
     <span class='ocr_line' id='line_1_10' title="bbox 115 1278 1211 1365; baseline 0.001 -23"><span class='ocrx_word' id='word_1_78' title='bbox 115 1278 214 1343; x_wconf 91' lang='lat' dir='ltr'><strong>manis</strong></span> <span class='ocrx_word' id='word_1_79' title='bbox 237 1300 270 1343; x_wconf 89' lang='lat' dir='ltr'><strong>se</strong></span> <span class='ocrx_word' id='word_1_80' title='bbox 292 1288 451 1355; x_wconf 84' lang='lat' dir='ltr'><strong>excusant,</strong></span> <span class='ocrx_word' id='word_1_81' title='bbox 475 1279 557 1364; x_wconf 91' lang='lat' dir='ltr'><strong>quod</strong></span> <span class='ocrx_word' id='word_1_82' title='bbox 578 1279 684 1344; x_wconf 85' lang='lat' dir='ltr'><strong>hostes</strong></span> <span class='ocrx_word' id='word_1_83' title='bbox 708 1301 814 1344; x_wconf 91' lang='lat' dir='ltr'><strong>eorum</strong></span> <span class='ocrx_word' id='word_1_84' title='bbox 835 1301 856 1345; x_wconf 94' lang='lat' dir='ltr'><strong>a</strong></span> <span class='ocrx_word' id='word_1_85' title='bbox 877 1279 1008 1346; x_wconf 88' lang='lat' dir='ltr'><strong>subditis</strong></span> <span class='ocrx_word' id='word_1_86' title='bbox 1030 1280 1092 1345; x_wconf 87' lang='lat' dir='ltr'><strong>suis</strong></span> <span class='ocrx_word' id='word_1_87' title='bbox 1111 1278 1211 1365; x_wconf 80' lang='lat' dir='ltr'><strong>adjuu</strong></span> 
     </span>
     <span class='ocr_line' id='line_1_11' title="bbox 116 1377 1353 1466; baseline 0.002 -25"><span class='ocrx_word' id='word_1_88' title='bbox 116 1388 227 1453; x_wconf 86' lang='lat' dir='ltr'><strong>esseut,</strong></span> <span class='ocrx_word' id='word_1_89' title='bbox 246 1399 280 1443; x_wconf 89' lang='lat' dir='ltr'><strong>se</strong></span> <span class='ocrx_word' id='word_1_90' title='bbox 294 1377 406 1443; x_wconf 87' lang='lat' dir='ltr'><strong>insciis.</strong></span> <span class='ocrx_word' id='word_1_91' title='bbox 458 1377 576 1442; x_wconf 79' lang='lat' dir='ltr'><strong>Contra</strong></span> <span class='ocrx_word' id='word_1_92' title='bbox 593 1378 702 1443; x_wconf 70' lang='lat' dir='ltr'><strong>Teutas</strong></span> <span class='ocrx_word' id='word_1_93' title='bbox 724 1379 842 1466; x_wconf 81' lang='lat' dir='ltr'><strong>reginae</strong></span> <span class='ocrx_word' id='word_1_94' title='bbox 860 1379 1039 1466; x_wconf 91' lang='lat' dir='ltr'><strong>lllyriorum</strong></span> <span class='ocrx_word' id='word_1_95' title='bbox 1056 1401 1118 1444; x_wconf 92' lang='lat' dir='ltr'><strong>non</strong></span> <span class='ocrx_word' id='word_1_96' title='bbox 1134 1377 1211 1444; x_wconf 91' lang='lat' dir='ltr'><strong>acci·</strong></span> <span class='ocrx_word' id='word_1_97' title='bbox 1224 1404 1353 1453; x_wconf 59' lang='lat' dir='ltr'><strong>roseria</strong></span> 
     </span>
     <span class='ocr_line' id='line_1_12' title="bbox 116 1475 1211 1565; baseline 0.002 -25"><span class='ocrx_word' id='word_1_98' title='bbox 116 1475 200 1562; x_wconf 88' lang='lat' dir='ltr'><strong>pitur</strong></span> <span class='ocrx_word' id='word_1_99' title='bbox 214 1476 379 1553; x_wconf 86' lang='lat' dir='ltr'><strong>excusatio,</strong></span> <span class='ocrx_word' id='word_1_100' title='bbox 396 1475 480 1562; x_wconf 92' lang='lat' dir='ltr'><strong>quod</strong></span> <span class='ocrx_word' id='word_1_101' title='bbox 497 1475 615 1542; x_wconf 85' lang='lat' dir='ltr'><strong>diceret</strong></span> <span class='ocrx_word' id='word_1_102' title='bbox 630 1498 693 1541; x_wconf 92' lang='lat' dir='ltr'><strong>non</strong></span> <span class='ocrx_word' id='word_1_103' title='bbox 709 1498 729 1541; x_wconf 91' lang='lat' dir='ltr'><strong>a</strong></span> <span class='ocrx_word' id='word_1_104' title='bbox 744 1498 787 1554; x_wconf 87' lang='lat' dir='ltr'><strong>se,</strong></span> <span class='ocrx_word' id='word_1_105' title='bbox 799 1478 855 1543; x_wconf 89' lang='lat' dir='ltr'><strong>sed</strong></span> <span class='ocrx_word' id='word_1_106' title='bbox 871 1478 1034 1544; x_wconf 87' lang='lat' dir='ltr'><strong>asubditis</strong></span> <span class='ocrx_word' id='word_1_107' title='bbox 1050 1478 1211 1565; x_wconf 80' lang='lat' dir='ltr'><strong>piraticam</strong></span> 
     </span>
     <span class='ocr_line' id='line_1_13' title="bbox 115 1574 1212 1664; baseline 0.002 -25"><span class='ocrx_word' id='word_1_108' title='bbox 115 1576 273 1641; x_wconf 82' lang='lat' dir='ltr'><strong>exerceri:</strong></span> <span class='ocrx_word' id='word_1_109' title='bbox 298 1574 495 1662; x_wconf 90' lang='lat' dir='ltr'><strong>nequeenim</strong></span> <span class='ocrx_word' id='word_1_110' title='bbox 512 1574 704 1660; x_wconf 83' lang='lat' dir='ltr'><strong>prohibebat</strong></span> <span class='ocrx_word' id='word_1_111' title='bbox 755 1577 859 1643; x_wconf 82' lang='lat' dir='ltr'><strong>¹¹Olim</strong></span> <span class='ocrx_word' id='word_1_112' title='bbox 875 1577 916 1642; x_wconf 90' lang='lat' dir='ltr'><strong>ab</strong></span> <span class='ocrx_word' id='word_1_113' title='bbox 932 1576 1212 1664; x_wconf 83' lang='lat' dir='ltr'><strong>Amphictyouibua</strong></span> 
     </span>
     <span class='ocr_line' id='line_1_14' title="bbox 115 1673 1212 1762; baseline 0.002 -24"><span class='ocrx_word' id='word_1_114' title='bbox 115 1673 253 1739; x_wconf 91' lang='lat' dir='ltr'><strong>damnati</strong></span> <span class='ocrx_word' id='word_1_115' title='bbox 284 1674 397 1761; x_wconf 87' lang='lat' dir='ltr'><strong>Scyrii,</strong></span> <span class='ocrx_word' id='word_1_116' title='bbox 427 1674 511 1760; x_wconf 91' lang='lat' dir='ltr'><strong>quod</strong></span> <span class='ocrx_word' id='word_1_117' title='bbox 539 1695 665 1739; x_wconf 87' lang='lat' dir='ltr'><strong>suorum</strong></span> <span class='ocrx_word' id='word_1_118' title='bbox 696 1675 844 1759; x_wconf 86' lang='lat' dir='ltr'><strong>quosdam</strong></span> <span class='ocrx_word' id='word_1_119' title='bbox 873 1674 1034 1762; x_wconf 81' lang='lat' dir='ltr'><strong>piraticam</strong></span> <span class='ocrx_word' id='word_1_120' title='bbox 1065 1697 1212 1741; x_wconf 86' lang='lat' dir='ltr'><strong>exercere</strong></span> 
     </span>
     <span class='ocr_line' id='line_1_15' title="bbox 115 1772 321 1857; baseline -0.01 -21"><span class='ocrx_word' id='word_1_121' title='bbox 115 1772 321 1857; x_wconf 90' lang='lat' dir='ltr'><strong>patiebantur.</strong></span> 
     </span>
    </p>
   </div>
   <div class='ocr_carea' id='block_1_5' title="bbox 189 1869 1212 1962">
    <p class='ocr_par' dir='ltr' id='par_1_7' title="bbox 189 1869 1212 1962">
     <span class='ocr_line' id='line_1_16' title="bbox 189 1869 1212 1962; baseline 0.003 -26"><span class='ocrx_word' id='word_1_122' title='bbox 189 1874 210 1936; x_wconf 90' lang='lat'><strong>6</strong></span> <span class='ocrx_word' id='word_1_123' title='bbox 243 1869 322 1935; x_wconf 89' lang='lat' dir='ltr'><strong>Sciri</strong></span> <span class='ocrx_word' id='word_1_124' title='bbox 344 1878 446 1936; x_wconf 59' lang='lat' dir='ltr'><strong>auum</strong></span> <span class='ocrx_word' id='word_1_125' title='bbox 469 1869 560 1937; x_wconf 85' lang='lat' dir='ltr'><strong>facile</strong></span> <span class='ocrx_word' id='word_1_126' title='bbox 582 1881 630 1938; x_wconf 87' lang='lat' dir='ltr'><strong>est</strong></span> <span class='ocrx_word' id='word_1_127' title='bbox 651 1881 688 1939; x_wconf 92' lang='lat' dir='ltr'><strong>ut</strong></span> <span class='ocrx_word' id='word_1_128' title='bbox 710 1882 936 1959; x_wconf 85' lang='lat' dir='ltr'><strong>praesumantur</strong></span> <span class='ocrx_word' id='word_1_129' title='bbox 956 1896 1026 1961; x_wconf 75' lang='lat' dir='ltr'><strong>quae</strong></span> <span class='ocrx_word' id='word_1_130' title='bbox 1049 1874 1212 1962; x_wconf 86' lang='lat' dir='ltr'><strong>conspicua</strong></span> 
     </span>
    </p>
   </div>
   <div class='ocr_carea' id='block_1_6' title="bbox 115 2044 1214 3447">
    <p class='ocr_par' dir='ltr' id='par_1_8' title="bbox 115 2044 1214 3447">
     <span class='ocr_line' id='line_1_17' title="bbox 115 2044 1211 2111; baseline 0.003 -20"><span class='ocrx_word' id='word_1_131' title='bbox 115 2044 641 2106; x_wconf 68' lang='grc' dir='ltr'><strong>τέσχπτῶντετολμημὸνωνςἐπαινότοῦ·</strong></span> <span class='ocrx_word' id='word_1_132' title='bbox 688 2049 760 2094; x_wconf 79' lang='lat' dir='ltr'><strong>etiam</strong></span> <span class='ocrx_word' id='word_1_133' title='bbox 774 2048 890 2109; x_wconf 75' lang='lat' dir='ltr'><strong>probasse</strong></span> <span class='ocrx_word' id='word_1_134' title='bbox 906 2049 971 2111; x_wconf 75' lang='lat' dir='ltr'><strong>quod</strong></span> <span class='ocrx_word' id='word_1_135' title='bbox 987 2050 1112 2110; x_wconf 59' lang='lat' dir='ltr'><strong>affabatur,</strong></span> <span class='ocrx_word' id='word_1_136' title='bbox 1146 2048 1211 2095; x_wconf 87' lang='lat' dir='ltr'><strong>Dion</strong></span> 
     </span>
     <span class='ocr_line' id='line_1_18' title="bbox 116 2119 1211 2184; baseline 0.006 -21"><span class='ocrx_word' id='word_1_137' title='bbox 116 2137 147 2165; x_wconf 79' lang='grc' dir='ltr'><strong>το</strong></span> <span class='ocrx_word' id='word_1_138' title='bbox 162 2123 204 2167; x_wconf 76' lang='grc' dir='ltr'><strong>και</strong></span> <span class='ocrx_word' id='word_1_139' title='bbox 222 2119 388 2180; x_wconf 70' lang='grc' dir='ltr'>ἀποδέχομαι.</span> <span class='ocrx_word' id='word_1_140' title='bbox 403 2119 463 2167; x_wconf 73' lang='grc' dir='ltr'><strong>ἀλλ’</strong></span> <span class='ocrx_word' id='word_1_141' title='bbox 474 2122 522 2167; x_wconf 76' lang='grc' dir='ltr'><strong>οὐδ’</strong></span> <span class='ocrx_word' id='word_1_142' title='bbox 533 2121 641 2181; x_wconf 72' lang='grc' dir='ltr'><strong><em>δπέαχοο</em></strong></span> <span class='ocrx_word' id='word_1_143' title='bbox 690 2123 783 2169; x_wconf 82' lang='lat' dir='ltr'><strong>Galba:</strong></span> <span class='ocrx_word' id='word_1_144' title='bbox 798 2129 853 2171; x_wconf 72' lang='grc' dir='ltr'><strong><em>τοῖς</em></strong></span> <span class='ocrx_word' id='word_1_145' title='bbox 865 2125 910 2183; x_wconf 65' lang='grc' dir='ltr'><strong>μὶν</strong></span> <span class='ocrx_word' id='word_1_146' title='bbox 923 2126 974 2183; x_wconf 70' lang='grc' dir='ltr'><strong>γάρ</strong></span> <span class='ocrx_word' id='word_1_147' title='bbox 989 2124 1098 2170; x_wconf 74' lang='lat' dir='ltr'><strong>ldtcirats</strong></span> <span class='ocrx_word' id='word_1_148' title='bbox 1109 2124 1211 2184; x_wconf 72' lang='grc' dir='ltr'><strong><em>ἀπόχρη</em></strong></span> 
     </span>
     <span class='ocr_line' id='line_1_19' title="bbox 115 2194 1212 2257; baseline 0.005 -18"><span class='ocrx_word' id='word_1_149' title='bbox 115 2194 151 2240; x_wconf 73' lang='grc' dir='ltr'><strong>τα</strong></span> <span class='ocrx_word' id='word_1_150' title='bbox 163 2194 293 2253; x_wconf 73' lang='grc' dir='ltr'><strong><em>γενόμενα·</em></strong></span> <span class='ocrx_word' id='word_1_151' title='bbox 308 2196 387 2241; x_wconf 75' lang='grc' dir='ltr'><strong><em>τοῦτο</em></strong></span> <span class='ocrx_word' id='word_1_152' title='bbox 398 2195 551 2255; x_wconf 69' lang='grc' dir='ltr'><strong><em>κατηγορίας</em></strong></span> <span class='ocrx_word' id='word_1_153' title='bbox 560 2194 641 2255; x_wconf 78' lang='grc' dir='ltr'><strong><em>ἄξιον·</em></strong></span> <span class='ocrx_word' id='word_1_154' title='bbox 689 2199 764 2256; x_wconf 73' lang='grc' dir='ltr'>μηδὲν</span> <span class='ocrx_word' id='word_1_155' title='bbox 771 2199 873 2245; x_wconf 75' lang='grc' dir='ltr'><strong>ἀδικεῖν.</strong></span> <span class='ocrx_word' id='word_1_156' title='bbox 884 2204 939 2245; x_wconf 72' lang='grc' dir='ltr'><strong><em>τοῖς</em></strong></span> <span class='ocrx_word' id='word_1_157' title='bbox 949 2200 974 2245; x_wconf 81' lang='lat' dir='ltr'><strong>dl</strong></span> <span class='ocrx_word' id='word_1_158' title='bbox 985 2199 1014 2253; x_wconf 76' lang='lat' dir='ltr'><strong>dri</strong></span> <span class='ocrx_word' id='word_1_159' title='bbox 1024 2197 1070 2244; x_wconf 68' lang='grc' dir='ltr'><strong>τας</strong></span> <span class='ocrx_word' id='word_1_160' title='bbox 1078 2197 1212 2257; x_wconf 66' lang='grc' dir='ltr'><strong><em>ἡγεμονίαι</em></strong></span> 
     </span>
     <span class='ocr_line' id='line_1_20' title="bbox 115 2270 1212 2332; baseline 0.003 -16"><span class='ocrx_word' id='word_1_161' title='bbox 115 2271 642 2331; x_wconf 58' lang='grc' dir='ltr'><strong>οὗλοοίραιῌηονίι,[ονραηω,ιιιι1ιίιαα</strong></span> <span class='ocrx_word' id='word_1_162' title='bbox 689 2270 791 2332; x_wconf 77' lang='grc' dir='ltr'><strong><em>ἔχουσιν</em></strong></span> <span class='ocrx_word' id='word_1_163' title='bbox 812 2272 911 2332; x_wconf 75' lang='grc' dir='ltr'>ἀνάγκη</span> <span class='ocrx_word' id='word_1_164' title='bbox 934 2278 1052 2330; x_wconf 70' lang='grc' dir='ltr'><strong><em>προνοεῖν</em></strong></span> <span class='ocrx_word' id='word_1_165' title='bbox 1072 2273 1139 2319; x_wconf 65' lang='grc' dir='ltr'><strong>ὅπως</strong></span> <span class='ocrx_word' id='word_1_166' title='bbox 1156 2274 1212 2331; x_wconf 79' lang='grc' dir='ltr'><strong>μηδ’</strong></span> 
     </span>
     <span class='ocr_line' id='line_1_21' title="bbox 116 2344 1212 2410; baseline 0.002 -19"><span class='ocrx_word' id='word_1_167' title='bbox 116 2345 153 2392; x_wconf 82' lang='lat' dir='ltr'><strong>itte</strong></span> <span class='ocrx_word' id='word_1_168' title='bbox 171 2345 291 2404; x_wconf 73' lang='lat' dir='ltr'><strong>supplicia</strong></span> <span class='ocrx_word' id='word_1_169' title='bbox 307 2345 371 2404; x_wconf 76' lang='lat' dir='ltr'><strong>quood</strong></span> <span class='ocrx_word' id='word_1_170' title='bbox 388 2359 434 2389; x_wconf 86' lang='lat' dir='ltr'><strong>non</strong></span> <span class='ocrx_word' id='word_1_171' title='bbox 451 2345 559 2404; x_wconf 74' lang='lat' dir='ltr'><strong>adstricti,</strong></span> <span class='ocrx_word' id='word_1_172' title='bbox 578 2345 642 2406; x_wconf 77' lang='lat' dir='ltr'><strong>quod</strong></span> <span class='ocrx_word' id='word_1_173' title='bbox 689 2344 768 2392; x_wconf 68' lang='lat' dir='ltr'><strong>dilus</strong></span> <span class='ocrx_word' id='word_1_174' title='bbox 781 2349 917 2407; x_wconf 79' lang='grc' dir='ltr'><strong><em>κακουργῇ·</em></strong></span> <span class='ocrx_word' id='word_1_175' title='bbox 936 2347 1046 2393; x_wconf 70' lang='lat' dir='ltr'><strong>Privata</strong></span> <span class='ocrx_word' id='word_1_176' title='bbox 1062 2349 1150 2410; x_wconf 69' lang='lat' dir='ltr'><strong>sufficit</strong></span> <span class='ocrx_word' id='word_1_177' title='bbox 1166 2362 1212 2393; x_wconf 83' lang='lat' dir='ltr'><strong>non</strong></span> 
     </span>
     <span class='ocr_line' id='line_1_22' title="bbox 115 2418 1212 2483; baseline 0.005 -18"><span class='ocrx_word' id='word_1_178' title='bbox 115 2434 162 2465; x_wconf 87' lang='lat' dir='ltr'><strong>non</strong></span> <span class='ocrx_word' id='word_1_179' title='bbox 177 2418 332 2478; x_wconf 72' lang='lat' dir='ltr'><strong>prohibuisti,</strong></span> <span class='ocrx_word' id='word_1_180' title='bbox 350 2419 415 2480; x_wconf 80' lang='lat' dir='ltr'><strong>quod</strong></span> <span class='ocrx_word' id='word_1_181' title='bbox 437 2420 576 2466; x_wconf 71' lang='lat' dir='ltr'><strong>insanientes</strong></span> <span class='ocrx_word' id='word_1_182' title='bbox 594 2434 642 2466; x_wconf 88' lang='lat' dir='ltr'><strong>non</strong></span> <span class='ocrx_word' id='word_1_183' title='bbox 690 2421 834 2482; x_wconf 77' lang='lat' dir='ltr'><strong>delinquere.-</strong></span> <span class='ocrx_word' id='word_1_184' title='bbox 851 2424 1212 2483; x_wconf 73' lang='lat' dir='ltr'><strong>inimpesiouqcntitusincuns·</strong></span> 
     </span>
     <span class='ocr_line' id='line_1_23' title="bbox 116 2493 1211 2559; baseline 0.007 -21"><span class='ocrx_word' id='word_1_185' title='bbox 116 2493 241 2550; x_wconf 70' lang='lat' dir='ltr'><strong>retinuisti,</strong></span> <span class='ocrx_word' id='word_1_186' title='bbox 252 2493 430 2554; x_wconf 80' lang='lat' dir='ltr'><strong>quudpcricaln</strong></span> <span class='ocrx_word' id='word_1_187' title='bbox 440 2508 486 2538; x_wconf 88' lang='lat' dir='ltr'><strong>non</strong></span> <span class='ocrx_word' id='word_1_188' title='bbox 494 2493 587 2539; x_wconf 60' lang='lat' dir='ltr'><strong>satiati</strong></span> <span class='ocrx_word' id='word_1_189' title='bbox 592 2507 641 2554; x_wconf 84' lang='lat' dir='ltr'><strong>pro</strong></span> <span class='ocrx_word' id='word_1_190' title='bbox 690 2495 801 2543; x_wconf 73' lang='lat' dir='ltr'><strong>bitetten</strong></span> <span class='ocrx_word' id='word_1_191' title='bbox 808 2511 926 2543; x_wconf 71' lang='lat' dir='ltr'><strong>morene</strong></span> <span class='ocrx_word' id='word_1_192' title='bbox 933 2497 1054 2557; x_wconf 69' lang='lat' dir='ltr'><strong>delinquen</strong></span> <span class='ocrx_word' id='word_1_193' title='bbox 1061 2498 1132 2555; x_wconf 81' lang='lat' dir='ltr'><strong>otius,</strong></span> <span class='ocrx_word' id='word_1_194' title='bbox 1142 2497 1211 2559; x_wconf 77' lang='lat' dir='ltr'><strong>(pag.</strong></span> 
     </span>
     <span class='ocr_line' id='line_1_24' title="bbox 117 2568 1212 2633; baseline -0.001 -20"><span class='ocrx_word' id='word_1_195' title='bbox 117 2568 375 2629; x_wconf 81' lang='lat' dir='ltr'><strong>tonorelsnperntoris.</strong></span> <span class='ocrx_word' id='word_1_196' title='bbox 406 2568 640 2629; x_wconf 80' lang='lat' dir='ltr'><strong>Particsprncnfu·</strong></span> <span class='ocrx_word' id='word_1_197' title='bbox 690 2569 734 2617; x_wconf 79' lang='lat'><strong>199</strong></span> <span class='ocrx_word' id='word_1_198' title='bbox 749 2584 774 2615; x_wconf 89' lang='lat' dir='ltr'><strong>n.</strong></span> <span class='ocrx_word' id='word_1_199' title='bbox 806 2569 856 2618; x_wconf 79' lang='lat' dir='ltr'><strong>Ed.</strong></span> <span class='ocrx_word' id='word_1_200' title='bbox 871 2570 906 2618; x_wconf 84' lang='lat'><strong>11.</strong></span> <span class='ocrx_word' id='word_1_201' title='bbox 921 2570 1015 2631; x_wconf 78' lang='lat' dir='ltr'><strong>Stept.)</strong></span> <span class='ocrx_word' id='word_1_202' title='bbox 1046 2572 1075 2616; x_wconf 89' lang='lat' dir='ltr'><strong>ln</strong></span> <span class='ocrx_word' id='word_1_203' title='bbox 1091 2586 1111 2618; x_wconf 91' lang='lat' dir='ltr'><strong>o.</strong></span> <span class='ocrx_word' id='word_1_204' title='bbox 1128 2575 1150 2618; x_wconf 86' lang='lat'><strong>4.</strong></span> <span class='ocrx_word' id='word_1_205' title='bbox 1168 2574 1212 2633; x_wconf 80' lang='lat' dir='ltr'><strong>Sy.</strong></span> 
     </span>
     <span class='ocr_line' id='line_1_25' title="bbox 117 2642 1212 2705; baseline 0.005 -16"><span class='ocrx_word' id='word_1_206' title='bbox 117 2643 319 2703; x_wconf 75' lang='lat' dir='ltr'><strong>istisucinorusn?</strong></span> <span class='ocrx_word' id='word_1_207' title='bbox 347 2642 641 2699; x_wconf 78' lang='lat' dir='ltr'><strong>Loudotoc‚ethuniuc·</strong></span> <span class='ocrx_word' id='word_1_208' title='bbox 690 2645 746 2691; x_wconf 90' lang='lat' dir='ltr'><strong>nodi</strong></span> <span class='ocrx_word' id='word_1_209' title='bbox 757 2646 872 2692; x_wconf 82' lang='lat' dir='ltr'><strong>Pistcnsis</strong></span> <span class='ocrx_word' id='word_1_210' title='bbox 881 2647 965 2705; x_wconf 75' lang='lat' dir='ltr'><strong>positas</strong></span> <span class='ocrx_word' id='word_1_211' title='bbox 974 2646 1153 2705; x_wconf 70' lang='lat' dir='ltr'><strong>interceptum</strong></span> <span class='ocrx_word' id='word_1_212' title='bbox 1164 2648 1212 2694; x_wconf 83' lang='lat' dir='ltr'><strong>Ca·</strong></span> 
     </span>
     <span class='ocr_line' id='line_1_26' title="bbox 116 2717 1213 2778; baseline 0.005 -15"><span class='ocrx_word' id='word_1_213' title='bbox 116 2717 192 2776; x_wconf 71' lang='grc' dir='ltr'><strong><em>οἰρίοε</em></strong></span> <span class='ocrx_word' id='word_1_214' title='bbox 211 2718 254 2763; x_wconf 79' lang='lat' dir='ltr'><strong>sed</strong></span> <span class='ocrx_word' id='word_1_215' title='bbox 270 2732 311 2764; x_wconf 84' lang='lat' dir='ltr'><strong>nec</strong></span> <span class='ocrx_word' id='word_1_216' title='bbox 327 2732 381 2778; x_wconf 80' lang='lat' dir='ltr'><strong>quoe</strong></span> <span class='ocrx_word' id='word_1_217' title='bbox 388 2718 481 2777; x_wconf 77' lang='lat' dir='ltr'><strong>fiebunt</strong></span> <span class='ocrx_word' id='word_1_218' title='bbox 497 2717 641 2777; x_wconf 75' lang='lat' dir='ltr'><strong>impsdiirti5</strong></span> <span class='ocrx_word' id='word_1_219' title='bbox 689 2720 735 2766; x_wconf 90' lang='lat' dir='ltr'><strong>roli</strong></span> <span class='ocrx_word' id='word_1_220' title='bbox 750 2721 818 2767; x_wconf 82' lang='lat' dir='ltr'><strong>Calvi</strong></span> <span class='ocrx_word' id='word_1_221' title='bbox 835 2722 961 2767; x_wconf 84' lang='lat' dir='ltr'><strong>habemus:</strong></span> <span class='ocrx_word' id='word_1_222' title='bbox 985 2720 1045 2767; x_wconf 87' lang='lat' dir='ltr'><strong>Nun</strong></span> <span class='ocrx_word' id='word_1_223' title='bbox 1064 2725 1098 2768; x_wconf 78' lang='lat' dir='ltr'><strong>est</strong></span> <span class='ocrx_word' id='word_1_224' title='bbox 1117 2722 1177 2768; x_wconf 85' lang='lat' dir='ltr'><strong>liter</strong></span> <span class='ocrx_word' id='word_1_225' title='bbox 1195 2736 1213 2769; x_wconf 85' lang='grc' dir='ltr'><strong><em>α</em></strong></span> 
     </span>
     <span class='ocr_line' id='line_1_27' title="bbox 116 2792 1213 2855; baseline 0.003 -17"><span class='ocrx_word' id='word_1_226' title='bbox 116 2792 281 2849; x_wconf 76' lang='lat' dir='ltr'><strong>tacuerojans</strong></span> <span class='ocrx_word' id='word_1_227' title='bbox 289 2793 385 2853; x_wconf 70' lang='lat' dir='ltr'><strong>diunurn</strong></span> <span class='ocrx_word' id='word_1_228' title='bbox 394 2793 515 2839; x_wconf 75' lang='grc' dir='ltr'><strong><em>αοαιεανί.</em></strong></span> <span class='ocrx_word' id='word_1_229' title='bbox 689 2807 798 2841; x_wconf 77' lang='lat' dir='ltr'><strong>cumenae</strong></span> <span class='ocrx_word' id='word_1_230' title='bbox 807 2796 849 2855; x_wconf 77' lang='lat' dir='ltr'><strong>qui</strong></span> <span class='ocrx_word' id='word_1_231' title='bbox 855 2796 918 2855; x_wconf 77' lang='lat' dir='ltr'><strong>quod</strong></span> <span class='ocrx_word' id='word_1_232' title='bbox 926 2796 1047 2842; x_wconf 81' lang='lat' dir='ltr'><strong>emendare</strong></span> <span class='ocrx_word' id='word_1_233' title='bbox 1051 2801 1130 2855; x_wconf 81' lang='lat' dir='ltr'><strong>potest</strong></span> <span class='ocrx_word' id='word_1_234' title='bbox 1138 2811 1213 2843; x_wconf 77' lang='lat' dir='ltr'><strong>cnsu-</strong></span> 
     </span>
     <span class='ocr_line' id='line_1_28' title="bbox 161 2868 1213 2930; baseline 0.003 -18"><span class='ocrx_word' id='word_1_235' title='bbox 161 2875 178 2900; x_wconf 63' lang='grc' dir='ltr'><strong>π·</strong></span> <span class='ocrx_word' id='word_1_236' title='bbox 197 2868 307 2913; x_wconf 81' lang='lat' dir='ltr'><strong>Potestas</strong></span> <span class='ocrx_word' id='word_1_237' title='bbox 326 2882 413 2927; x_wconf 76' lang='lat' dir='ltr'><strong>muqrm</strong></span> <span class='ocrx_word' id='word_1_238' title='bbox 432 2873 454 2912; x_wconf 80' lang='lat' dir='ltr'><strong>et</strong></span> <span class='ocrx_word' id='word_1_239' title='bbox 470 2868 640 2926; x_wconf 75' lang='lat' dir='ltr'><strong>potentissima,</strong></span> <span class='ocrx_word' id='word_1_240' title='bbox 689 2870 749 2916; x_wconf 80' lang='lat' dir='ltr'><strong>dure</strong></span> <span class='ocrx_word' id='word_1_241' title='bbox 769 2871 882 2929; x_wconf 72' lang='lat' dir='ltr'><strong>myliyit:</strong></span> <span class='ocrx_word' id='word_1_242' title='bbox 909 2875 1054 2930; x_wconf 78' lang='lat' dir='ltr'><strong>quapropter</strong></span> <span class='ocrx_word' id='word_1_243' title='bbox 1072 2871 1123 2915; x_wconf 83' lang='lat' dir='ltr'><strong>sine</strong></span> <span class='ocrx_word' id='word_1_244' title='bbox 1142 2872 1213 2916; x_wconf 82' lang='lat' dir='ltr'><strong>dubio</strong></span> 
     </span>
     <span class='ocr_line' id='line_1_29' title="bbox 116 2939 1212 3001; baseline 0.002 -16"><span class='ocrx_word' id='word_1_245' title='bbox 116 2955 168 3000; x_wconf 77' lang='lat' dir='ltr'><strong>qun</strong></span> <span class='ocrx_word' id='word_1_246' title='bbox 179 2943 306 3001; x_wconf 77' lang='lat' dir='ltr'><strong>prohibere</strong></span> <span class='ocrx_word' id='word_1_247' title='bbox 320 2942 395 2987; x_wconf 79' lang='lat' dir='ltr'><strong>scelus</strong></span> <span class='ocrx_word' id='word_1_248' title='bbox 412 2941 539 2986; x_wconf 69' lang='lat' dir='ltr'><strong>marimum</strong></span> <span class='ocrx_word' id='word_1_249' title='bbox 551 2939 639 3000; x_wconf 73' lang='lat' dir='ltr'><strong>potest]</strong></span> <span class='ocrx_word' id='word_1_250' title='bbox 686 2941 960 2999; x_wconf 73' lang='lat' dir='ltr'><strong>peccatinepurtioipem</strong></span> <span class='ocrx_word' id='word_1_251' title='bbox 967 2939 1041 2998; x_wconf 82' lang='lat' dir='ltr'><strong>facit.</strong></span> <span class='ocrx_word' id='word_1_252' title='bbox 1068 2940 1130 2987; x_wconf 86' lang='lat' dir='ltr'><strong>Vide</strong></span> <span class='ocrx_word' id='word_1_253' title='bbox 1140 2942 1212 2987; x_wconf 81' lang='lat' dir='ltr'><strong>Nica·</strong></span> 
     </span>
     <span class='ocr_line' id='line_1_30' title="bbox 115 3012 1212 3074; baseline -0.001 -13"><span class='ocrx_word' id='word_1_254' title='bbox 115 3016 186 3063; x_wconf 87' lang='lat' dir='ltr'><strong>Philo</strong></span> <span class='ocrx_word' id='word_1_255' title='bbox 203 3018 227 3061; x_wconf 87' lang='lat' dir='ltr'><strong>ln</strong></span> <span class='ocrx_word' id='word_1_256' title='bbox 237 3017 357 3072; x_wconf 65' lang='lat' dir='ltr'><strong>flaccum,</strong></span> <span class='ocrx_word' id='word_1_257' title='bbox 373 3015 440 3074; x_wconf 82' lang='lat' dir='ltr'><strong>(pag.</strong></span> <span class='ocrx_word' id='word_1_258' title='bbox 450 3015 496 3061; x_wconf 79' lang='lat'><strong>970</strong></span> <span class='ocrx_word' id='word_1_259' title='bbox 512 3015 548 3071; x_wconf 87' lang='lat' dir='ltr'><strong>n.)</strong></span> <span class='ocrx_word' id='word_1_260' title='bbox 563 3014 640 3074; x_wconf 80' lang='grc' dir='ltr'><strong><em>ὁγᾰρ</em></strong></span> <span class='ocrx_word' id='word_1_261' title='bbox 689 3018 738 3059; x_wconf 87' lang='lat' dir='ltr'><strong>tam</strong></span> <span class='ocrx_word' id='word_1_262' title='bbox 753 3014 895 3059; x_wconf 80' lang='lat' dir='ltr'><strong>choniatsm</strong></span> <span class='ocrx_word' id='word_1_263' title='bbox 910 3013 972 3057; x_wconf 87' lang='lat' dir='ltr'><strong>libro</strong></span> <span class='ocrx_word' id='word_1_264' title='bbox 983 3024 1011 3057; x_wconf 86' lang='lat' dir='ltr'><strong>u.</strong></span> <span class='ocrx_word' id='word_1_265' title='bbox 1028 3012 1057 3057; x_wconf 82' lang='lat' dir='ltr'><strong>de</strong></span> <span class='ocrx_word' id='word_1_266' title='bbox 1069 3012 1212 3061; x_wconf 80' lang='lat' dir='ltr'><strong>Andronico.</strong></span> 
     </span>
     <span class='ocr_line' id='line_1_31' title="bbox 116 3087 809 3149; baseline -0.006 -12"><span class='ocrx_word' id='word_1_267' title='bbox 116 3091 287 3147; x_wconf 65' lang='lat' dir='ltr'><strong>institimus</strong></span> <span class='ocrx_word' id='word_1_268' title='bbox 296 3091 312 3147; x_wconf 66' lang='lat' dir='ltr'><strong>&#39;l</strong></span> <span class='ocrx_word' id='word_1_269' title='bbox 321 3092 352 3136; x_wconf 78' lang='grc' dir='ltr'><strong>τὸ</strong></span> <span class='ocrx_word' id='word_1_270' title='bbox 363 3092 529 3136; x_wconf 74' lang='grc' dir='ltr'><strong><em>πανύστατον</em></strong></span> <span class='ocrx_word' id='word_1_271' title='bbox 539 3090 641 3149; x_wconf 74' lang='grc' dir='ltr'><strong><em>ἒπὲχοιν</em></strong></span> <span class='ocrx_word' id='word_1_272' title='bbox 687 3088 762 3147; x_wconf 81' lang='lat' dir='ltr'><strong>(Cap.</strong></span> <span class='ocrx_word' id='word_1_273' title='bbox 771 3087 809 3146; x_wconf 83' lang='lat'><strong>3.)</strong></span> 
     </span>
     <span class='ocr_line' id='line_1_32' title="bbox 115 3160 1214 3224; baseline -0.001 -13"><span class='ocrx_word' id='word_1_274' title='bbox 115 3164 147 3213; x_wconf 78' lang='lat' dir='ltr'><strong>civ</strong></span> <span class='ocrx_word' id='word_1_275' title='bbox 163 3166 278 3224; x_wconf 68' lang='lat' dir='ltr'><strong>donadeis,</strong></span> <span class='ocrx_word' id='word_1_276' title='bbox 293 3167 315 3211; x_wconf 73' lang='lat' dir='ltr'><strong>et</strong></span> <span class='ocrx_word' id='word_1_277' title='bbox 330 3166 363 3224; x_wconf 73' lang='lat' dir='ltr'><strong>psi</strong></span> <span class='ocrx_word' id='word_1_278' title='bbox 374 3164 508 3220; x_wconf 67' lang='lat' dir='ltr'><strong>seruitute,</strong></span> <span class='ocrx_word' id='word_1_279' title='bbox 524 3163 597 3216; x_wconf 61' lang='grc' dir='ltr'><strong><em>δῆλος</em></strong></span> <span class='ocrx_word' id='word_1_280' title='bbox 612 3162 640 3217; x_wconf 79' lang='grc' dir='ltr'><strong>ἦν</strong></span> <span class='ocrx_word' id='word_1_281' title='bbox 736 3172 748 3197; x_wconf 75' lang='lat'><strong>¹²</strong></span> <span class='ocrx_word' id='word_1_282' title='bbox 765 3162 829 3208; x_wconf 76' lang='lat' dir='ltr'><strong>otim</strong></span> <span class='ocrx_word' id='word_1_283' title='bbox 841 3161 872 3207; x_wconf 78' lang='lat' dir='ltr'><strong>alt</strong></span> <span class='ocrx_word' id='word_1_284' title='bbox 884 3160 1091 3221; x_wconf 63' lang='lat' dir='ltr'><strong>Amphictyonum</strong></span> <span class='ocrx_word' id='word_1_285' title='bbox 1105 3161 1214 3210; x_wconf 72' lang='lat' dir='ltr'><strong>destinati</strong></span> 
     </span>
     <span class='ocr_line' id='line_1_33' title="bbox 116 3234 1214 3299; baseline -0.006 -12"><span class='ocrx_word' id='word_1_286' title='bbox 116 3241 248 3299; x_wconf 61' lang='lat' dir='ltr'><strong>tentent</strong></span> <span class='ocrx_word' id='word_1_287' title='bbox 264 3239 411 3298; x_wconf 66' lang='grc' dir='ltr'><strong><em>ἐπιτρέπων</em></strong></span> <span class='ocrx_word' id='word_1_288' title='bbox 427 3237 512 3283; x_wconf 65' lang='grc' dir='ltr'><strong><em>αὐτός·</em></strong></span> <span class='ocrx_word' id='word_1_289' title='bbox 527 3252 583 3283; x_wconf 82' lang='lat' dir='ltr'><strong>num</strong></span> <span class='ocrx_word' id='word_1_290' title='bbox 599 3238 641 3297; x_wconf 82' lang='lat' dir='ltr'><strong>qui</strong></span> <span class='ocrx_word' id='word_1_291' title='bbox 691 3234 784 3297; x_wconf 82' lang='lat' dir='ltr'><strong>Scyrii]</strong></span> <span class='ocrx_word' id='word_1_292' title='bbox 801 3236 944 3282; x_wconf 68' lang='lat' dir='ltr'><strong>Plutarchus</strong></span> <span class='ocrx_word' id='word_1_293' title='bbox 963 3234 1065 3293; x_wconf 79' lang='lat' dir='ltr'><strong>Cimone,</strong></span> <span class='ocrx_word' id='word_1_294' title='bbox 1086 3235 1154 3298; x_wconf 77' lang='lat' dir='ltr'><strong>(pag.</strong></span> <span class='ocrx_word' id='word_1_295' title='bbox 1168 3240 1214 3286; x_wconf 71' lang='lat'><strong>483</strong></span> 
     </span>
     <span class='ocr_line' id='line_1_34' title="bbox 116 3310 725 3375; baseline -0.007 -14"><span class='ocrx_word' id='word_1_296' title='bbox 116 3317 242 3375; x_wconf 66' lang='lat' dir='ltr'><strong>caenum,</strong></span> <span class='ocrx_word' id='word_1_297' title='bbox 256 3318 318 3359; x_wconf 80' lang='lat' dir='ltr'><strong>certe</strong></span> <span class='ocrx_word' id='word_1_298' title='bbox 333 3310 437 3357; x_wconf 79' lang='lat' dir='ltr'><strong>intiterae</strong></span> <span class='ocrx_word' id='word_1_299' title='bbox 448 3311 544 3370; x_wconf 53' lang='lat' dir='ltr'><strong>potuim</strong></span> <span class='ocrx_word' id='word_1_300' title='bbox 559 3314 583 3358; x_wconf 76' lang='lat' dir='ltr'><strong>rt</strong></span> <span class='ocrx_word' id='word_1_301' title='bbox 595 3326 642 3358; x_wconf 88' lang='lat' dir='ltr'><strong>non</strong></span> <span class='ocrx_word' id='word_1_302' title='bbox 688 3310 725 3369; x_wconf 88' lang='lat' dir='ltr'><strong>c.)</strong></span> 
     </span>
     <span class='ocr_line' id='line_1_35' title="bbox 117 3384 642 3447; baseline -0.006 -13"><span class='ocrx_word' id='word_1_303' title='bbox 117 3388 231 3447; x_wconf 82' lang='lat' dir='ltr'><strong>impediit,</strong></span> <span class='ocrx_word' id='word_1_304' title='bbox 256 3385 375 3432; x_wconf 70' lang='lat' dir='ltr'><strong>tutandus</strong></span> <span class='ocrx_word' id='word_1_305' title='bbox 393 3388 427 3430; x_wconf 75' lang='lat' dir='ltr'><strong>snt</strong></span> <span class='ocrx_word' id='word_1_306' title='bbox 444 3384 580 3442; x_wconf 58' lang='lat' dir='ltr'><strong>permisere</strong></span> <span class='ocrx_word' id='word_1_307' title='bbox 599 3391 642 3431; x_wconf 80' lang='lat' dir='ltr'><strong>unt</strong></span> 
     </span>
    </p>
   </div>
   <div class='ocr_carea' id='block_1_7' title="bbox 115 3620 1215 4547">
    <p class='ocr_par' dir='ltr' id='par_1_9' title="bbox 115 3620 1215 4374">
     <span class='ocr_line' id='line_1_36' title="bbox 118 3620 1213 3698; baseline 0.005 -24"><span class='ocrx_word' id='word_1_308' title='bbox 118 3620 224 3675; x_wconf 88' lang='lat' dir='ltr'><strong>Tatius.</strong></span> <span class='ocrx_word' id='word_1_309' title='bbox 277 3620 316 3675; x_wconf 82' lang='lat' dir='ltr'><strong>So</strong></span> <span class='ocrx_word' id='word_1_310' title='bbox 341 3620 453 3676; x_wconf 84' lang='lat' dir='ltr'><strong>Salvian</strong></span> <span class='ocrx_word' id='word_1_311' title='bbox 476 3622 575 3693; x_wconf 85' lang='lat' dir='ltr'><strong>speaks</strong></span> <span class='ocrx_word' id='word_1_312' title='bbox 601 3623 634 3677; x_wconf 85' lang='lat' dir='ltr'><strong>oi</strong></span> <span class='ocrx_word' id='word_1_313' title='bbox 653 3622 742 3695; x_wconf 85' lang='lat' dir='ltr'><strong>kings.</strong></span> <span class='ocrx_word' id='word_1_314' title='bbox 789 3623 853 3679; x_wconf 78' lang='lat' dir='ltr'><strong>And</strong></span> <span class='ocrx_word' id='word_1_315' title='bbox 875 3623 1053 3697; x_wconf 78' lang='lat' dir='ltr'><strong>Thucydides</strong></span> <span class='ocrx_word' id='word_1_316' title='bbox 1075 3640 1146 3698; x_wconf 87' lang='lat' dir='ltr'><strong>says,</strong></span> <span class='ocrx_word' id='word_1_317' title='bbox 1168 3624 1213 3681; x_wconf 83' lang='lat' dir='ltr'><strong>Hs</strong></span> 
     </span>
     <span class='ocr_line' id='line_1_37' title="bbox 115 3707 1214 3781; baseline 0.005 -21"><span class='ocrx_word' id='word_1_318' title='bbox 115 3708 174 3760; x_wconf 86' lang='lat' dir='ltr'><strong>wtu</strong></span> <span class='ocrx_word' id='word_1_319' title='bbox 192 3707 272 3761; x_wconf 75' lang='lat' dir='ltr'><strong>could</strong></span> <span class='ocrx_word' id='word_1_320' title='bbox 282 3717 392 3778; x_wconf 72' lang='lat' dir='ltr'><strong>prouenit</strong></span> <span class='ocrx_word' id='word_1_321' title='bbox 407 3709 427 3763; x_wconf 87' lang='lat' dir='ltr'><strong>it</strong></span> <span class='ocrx_word' id='word_1_322' title='bbox 441 3709 501 3762; x_wconf 78' lang='lat' dir='ltr'><strong>does</strong></span> <span class='ocrx_word' id='word_1_323' title='bbox 518 3710 549 3764; x_wconf 72' lang='lat' dir='ltr'><strong>it,</strong></span> <span class='ocrx_word' id='word_1_324' title='bbox 587 3710 625 3763; x_wconf 81' lang='lat' dir='ltr'><strong>So</strong></span> <span class='ocrx_word' id='word_1_325' title='bbox 640 3710 670 3763; x_wconf 93' lang='lat' dir='ltr'><strong>in</strong></span> <span class='ocrx_word' id='word_1_326' title='bbox 683 3711 762 3781; x_wconf 80' lang='lat' dir='ltr'><strong>Livy,</strong></span> <span class='ocrx_word' id='word_1_327' title='bbox 776 3709 825 3765; x_wconf 87' lang='lat' dir='ltr'><strong>the</strong></span> <span class='ocrx_word' id='word_1_328' title='bbox 838 3711 972 3766; x_wconf 86' lang='lat' dir='ltr'><strong>Veientes</strong></span> <span class='ocrx_word' id='word_1_329' title='bbox 989 3711 1045 3765; x_wconf 91' lang='lat' dir='ltr'><strong>and</strong></span> <span class='ocrx_word' id='word_1_330' title='bbox 1063 3711 1214 3766; x_wconf 86' lang='lat' dir='ltr'><strong>Rutulians</strong></span> 
     </span>
     <span class='ocr_line' id='line_1_38' title="bbox 116 3792 1214 3867; baseline 0.002 -20"><span class='ocrx_word' id='word_1_331' title='bbox 116 3809 215 3848; x_wconf 87' lang='lat' dir='ltr'><strong>excuse</strong></span> <span class='ocrx_word' id='word_1_332' title='bbox 229 3792 396 3848; x_wconf 77' lang='lat' dir='ltr'><strong>themselves</strong></span> <span class='ocrx_word' id='word_1_333' title='bbox 410 3800 440 3848; x_wconf 90' lang='grc' dir='ltr'><strong>ιο</strong></span> <span class='ocrx_word' id='word_1_334' title='bbox 457 3795 506 3849; x_wconf 90' lang='lat' dir='ltr'><strong>tho</strong></span> <span class='ocrx_word' id='word_1_335' title='bbox 520 3796 653 3859; x_wconf 86' lang='lat' dir='ltr'><strong>Romans,</strong></span> <span class='ocrx_word' id='word_1_336' title='bbox 671 3797 701 3850; x_wconf 93' lang='lat' dir='ltr'><strong>in</strong></span> <span class='ocrx_word' id='word_1_337' title='bbox 721 3795 784 3850; x_wconf 88' lang='lat' dir='ltr'><strong>that</strong></span> <span class='ocrx_word' id='word_1_338' title='bbox 802 3795 876 3850; x_wconf 88' lang='lat' dir='ltr'><strong>their</strong></span> <span class='ocrx_word' id='word_1_339' title='bbox 891 3798 1012 3867; x_wconf 84' lang='lat' dir='ltr'><strong>subjecte</strong></span> <span class='ocrx_word' id='word_1_340' title='bbox 1026 3796 1083 3851; x_wconf 88' lang='lat' dir='ltr'><strong>had</strong></span> <span class='ocrx_word' id='word_1_341' title='bbox 1097 3796 1214 3851; x_wconf 86' lang='lat' dir='ltr'><strong>assistcd</strong></span> 
     </span>
     <span class='ocr_line' id='line_1_39' title="bbox 115 3878 1212 3953; baseline 0.005 -23"><span class='ocrx_word' id='word_1_342' title='bbox 115 3878 166 3933; x_wconf 90' lang='lat' dir='ltr'><strong>the</strong></span> <span class='ocrx_word' id='word_1_343' title='bbox 177 3880 299 3933; x_wconf 84' lang='lat' dir='ltr'><strong>enomiea</strong></span> <span class='ocrx_word' id='word_1_344' title='bbox 314 3879 347 3932; x_wconf 80' lang='lat' dir='ltr'><strong>or</strong></span> <span class='ocrx_word' id='word_1_345' title='bbox 365 3879 414 3934; x_wconf 88' lang='lat' dir='ltr'><strong>tho</strong></span> <span class='ocrx_word' id='word_1_346' title='bbox 428 3881 561 3944; x_wconf 83' lang='lat' dir='ltr'><strong>Romans,</strong></span> <span class='ocrx_word' id='word_1_347' title='bbox 573 3880 642 3953; x_wconf 87' lang='lat' dir='ltr'><strong>they</strong></span> <span class='ocrx_word' id='word_1_348' title='bbox 658 3879 762 3951; x_wconf 85' lang='lat' dir='ltr'><strong>having</strong></span> <span class='ocrx_word' id='word_1_349' title='bbox 783 3897 821 3935; x_wconf 92' lang='lat' dir='ltr'><strong>no</strong></span> <span class='ocrx_word' id='word_1_350' title='bbox 838 3881 1001 3951; x_wconf 81' lang='lat' dir='ltr'><strong>knowledge</strong></span> <span class='ocrx_word' id='word_1_351' title='bbox 1023 3881 1056 3935; x_wconf 80' lang='lat' dir='ltr'><strong>of</strong></span> <span class='ocrx_word' id='word_1_352' title='bbox 1074 3882 1123 3935; x_wconf 90' lang='lat' dir='ltr'><strong>tho</strong></span> <span class='ocrx_word' id='word_1_353' title='bbox 1144 3880 1212 3936; x_wconf 81' lang='lat' dir='ltr'><strong>fact.</strong></span> 
     </span>
     <span class='ocr_line' id='line_1_40' title="bbox 116 3962 1215 4035; baseline -0.001 -18"><span class='ocrx_word' id='word_1_354' title='bbox 116 3962 180 4017; x_wconf 76' lang='lat' dir='ltr'><strong>And</strong></span> <span class='ocrx_word' id='word_1_355' title='bbox 195 3979 233 4017; x_wconf 92' lang='lat' dir='ltr'><strong>on</strong></span> <span class='ocrx_word' id='word_1_356' title='bbox 251 3963 300 4017; x_wconf 91' lang='lat' dir='ltr'><strong>the</strong></span> <span class='ocrx_word' id='word_1_357' title='bbox 312 3963 393 4018; x_wconf 91' lang='lat' dir='ltr'><strong>other</strong></span> <span class='ocrx_word' id='word_1_358' title='bbox 407 3965 491 4027; x_wconf 88' lang='lat' dir='ltr'><strong>hand,</strong></span> <span class='ocrx_word' id='word_1_359' title='bbox 505 3965 554 4020; x_wconf 89' lang='lat' dir='ltr'><strong>the</strong></span> <span class='ocrx_word' id='word_1_360' title='bbox 568 3981 671 4020; x_wconf 82' lang='lat' dir='ltr'><strong>excuse</strong></span> <span class='ocrx_word' id='word_1_361' title='bbox 689 3966 723 4019; x_wconf 85' lang='lat' dir='ltr'><strong>of</strong></span> <span class='ocrx_word' id='word_1_362' title='bbox 735 3967 834 4027; x_wconf 83' lang='lat' dir='ltr'><strong>Teuta,</strong></span> <span class='ocrx_word' id='word_1_363' title='bbox 855 3964 905 4019; x_wconf 89' lang='lat' dir='ltr'><strong>the</strong></span> <span class='ocrx_word' id='word_1_364' title='bbox 922 3982 1013 4035; x_wconf 89' lang='lat' dir='ltr'><strong>queen</strong></span> <span class='ocrx_word' id='word_1_365' title='bbox 1032 3963 1065 4018; x_wconf 83' lang='lat' dir='ltr'><strong>oi</strong></span> <span class='ocrx_word' id='word_1_366' title='bbox 1080 3965 1129 4018; x_wconf 88' lang='lat' dir='ltr'><strong>tha</strong></span> <span class='ocrx_word' id='word_1_367' title='bbox 1146 3964 1215 4034; x_wconf 88' lang='lat' dir='ltr'><strong>Illy·</strong></span> 
     </span>
     <span class='ocr_line' id='line_1_41' title="bbox 117 4048 1215 4120; baseline 0.001 -20"><span class='ocrx_word' id='word_1_368' title='bbox 117 4048 200 4110; x_wconf 90' lang='lat' dir='ltr'><strong>rians,</strong></span> <span class='ocrx_word' id='word_1_369' title='bbox 213 4049 237 4102; x_wconf 90' lang='lat' dir='ltr'><strong>is</strong></span> <span class='ocrx_word' id='word_1_370' title='bbox 251 4056 301 4102; x_wconf 89' lang='lat' dir='ltr'><strong>not</strong></span> <span class='ocrx_word' id='word_1_371' title='bbox 316 4050 458 4118; x_wconf 85' lang='lat' dir='ltr'><strong>accepted,</strong></span> <span class='ocrx_word' id='word_1_372' title='bbox 470 4049 552 4104; x_wconf 84' lang='lat' dir='ltr'><strong>when</strong></span> <span class='ocrx_word' id='word_1_373' title='bbox 567 4049 617 4104; x_wconf 88' lang='lat' dir='ltr'><strong>she</strong></span> <span class='ocrx_word' id='word_1_374' title='bbox 632 4050 692 4103; x_wconf 86' lang='lat' dir='ltr'><strong>said</strong></span> <span class='ocrx_word' id='word_1_375' title='bbox 708 4049 771 4104; x_wconf 88' lang='lat' dir='ltr'><strong>that</strong></span> <span class='ocrx_word' id='word_1_376' title='bbox 786 4050 881 4120; x_wconf 84' lang='lat' dir='ltr'><strong>piracy</strong></span> <span class='ocrx_word' id='word_1_377' title='bbox 895 4065 950 4103; x_wconf 81' lang='lat' dir='ltr'><strong>was</strong></span> <span class='ocrx_word' id='word_1_378' title='bbox 965 4055 1015 4103; x_wconf 91' lang='lat' dir='ltr'><strong>not</strong></span> <span class='ocrx_word' id='word_1_379' title='bbox 1027 4048 1165 4119; x_wconf 85' lang='lat' dir='ltr'><strong>practisod</strong></span> <span class='ocrx_word' id='word_1_380' title='bbox 1177 4049 1215 4119; x_wconf 84' lang='lat' dir='ltr'><strong>by</strong></span> 
     </span>
     <span class='ocr_line' id='line_1_42' title="bbox 117 4131 1215 4204; baseline 0.001 -18"><span class='ocrx_word' id='word_1_381' title='bbox 117 4131 177 4196; x_wconf 89' lang='lat' dir='ltr'><strong>her,</strong></span> <span class='ocrx_word' id='word_1_382' title='bbox 189 4131 240 4186; x_wconf 90' lang='lat' dir='ltr'><strong>but</strong></span> <span class='ocrx_word' id='word_1_383' title='bbox 252 4132 290 4203; x_wconf 90' lang='lat' dir='ltr'><strong>by</strong></span> <span class='ocrx_word' id='word_1_384' title='bbox 301 4132 353 4186; x_wconf 88' lang='lat' dir='ltr'><strong>her</strong></span> <span class='ocrx_word' id='word_1_385' title='bbox 367 4133 506 4203; x_wconf 63' lang='lat' dir='ltr'><strong>subjectu</strong></span> <span class='ocrx_word' id='word_1_386' title='bbox 526 4133 573 4187; x_wconf 83' lang='lat' dir='ltr'><strong>t&#39;cr</strong></span> <span class='ocrx_word' id='word_1_387' title='bbox 586 4134 636 4187; x_wconf 88' lang='lat' dir='ltr'><strong>she</strong></span> <span class='ocrx_word' id='word_1_388' title='bbox 647 4133 696 4187; x_wconf 90' lang='lat' dir='ltr'><strong>did</strong></span> <span class='ocrx_word' id='word_1_389' title='bbox 710 4140 760 4187; x_wconf 90' lang='lat' dir='ltr'><strong>not</strong></span> <span class='ocrx_word' id='word_1_390' title='bbox 778 4139 896 4204; x_wconf 78' lang='lat' dir='ltr'><strong>prevent</strong></span> <span class='ocrx_word' id='word_1_391' title='bbox 910 4135 942 4187; x_wconf 91' lang='lat' dir='ltr'><strong>it.</strong></span> <span class='ocrx_word' id='word_1_392' title='bbox 981 4133 1044 4186; x_wconf 80' lang='lat' dir='ltr'><strong>And</strong></span> <span class='ocrx_word' id='word_1_393' title='bbox 1059 4134 1089 4186; x_wconf 94' lang='lat' dir='ltr'><strong>in</strong></span> <span class='ocrx_word' id='word_1_394' title='bbox 1102 4134 1215 4187; x_wconf 86' lang='lat' dir='ltr'><strong>ancient</strong></span> 
     </span>
     <span class='ocr_line' id='line_1_43' title="bbox 117 4216 1215 4290; baseline 0 -19"><span class='ocrx_word' id='word_1_395' title='bbox 117 4219 200 4271; x_wconf 88' lang='lat' dir='ltr'><strong>timos</strong></span> <span class='ocrx_word' id='word_1_396' title='bbox 212 4217 261 4272; x_wconf 91' lang='lat' dir='ltr'><strong>the</strong></span> <span class='ocrx_word' id='word_1_397' title='bbox 274 4218 404 4288; x_wconf 83' lang='lat' dir='ltr'><strong>Scyrians</strong></span> <span class='ocrx_word' id='word_1_398' title='bbox 417 4234 489 4272; x_wconf 83' lang='lat' dir='ltr'><strong>nere</strong></span> <span class='ocrx_word' id='word_1_399' title='bbox 501 4217 675 4272; x_wconf 89' lang='lat' dir='ltr'><strong>condemned</strong></span> <span class='ocrx_word' id='word_1_400' title='bbox 692 4216 730 4288; x_wconf 87' lang='lat' dir='ltr'><strong>by</strong></span> <span class='ocrx_word' id='word_1_401' title='bbox 741 4217 790 4271; x_wconf 88' lang='lat' dir='ltr'><strong>the</strong></span> <span class='ocrx_word' id='word_1_402' title='bbox 801 4217 1002 4290; x_wconf 79' lang='lat' dir='ltr'><strong>Amphictyons</strong></span> <span class='ocrx_word' id='word_1_403' title='bbox 1016 4218 1135 4273; x_wconf 68' lang='lat' dir='ltr'><strong>bocum</strong></span> <span class='ocrx_word' id='word_1_404' title='bbox 1147 4218 1215 4289; x_wconf 88' lang='lat' dir='ltr'><strong>thoy</strong></span> 
     </span>
     <span class='ocr_line' id='line_1_44' title="bbox 117 4301 858 4374; baseline -0.001 -18"><span class='ocrx_word' id='word_1_405' title='bbox 117 4303 235 4358; x_wconf 80' lang='lat' dir='ltr'><strong>allowed</strong></span> <span class='ocrx_word' id='word_1_406' title='bbox 246 4319 324 4357; x_wconf 88' lang='lat' dir='ltr'><strong>some</strong></span> <span class='ocrx_word' id='word_1_407' title='bbox 339 4302 372 4357; x_wconf 86' lang='lat' dir='ltr'><strong>oi</strong></span> <span class='ocrx_word' id='word_1_408' title='bbox 380 4301 455 4355; x_wconf 91' lang='lat' dir='ltr'><strong>their</strong></span> <span class='ocrx_word' id='word_1_409' title='bbox 465 4301 565 4373; x_wconf 88' lang='lat' dir='ltr'><strong>poople</strong></span> <span class='ocrx_word' id='word_1_410' title='bbox 577 4307 608 4356; x_wconf 90' lang='grc' dir='ltr'><strong>ιο</strong></span> <span class='ocrx_word' id='word_1_411' title='bbox 622 4304 743 4373; x_wconf 87' lang='lat' dir='ltr'><strong>practiae</strong></span> <span class='ocrx_word' id='word_1_412' title='bbox 754 4303 858 4374; x_wconf 86' lang='lat' dir='ltr'><strong>piracy.</strong></span> 
     </span>
    </p>

    <p class='ocr_par' dir='ltr' id='par_1_10' title="bbox 117 4387 1215 4547">
     <span class='ocr_line' id='line_1_45' title="bbox 173 4387 1215 4461; baseline 0.003 -19"><span class='ocrx_word' id='word_1_413' title='bbox 173 4393 190 4442; x_wconf 85' lang='grc'><strong>6</strong></span> <span class='ocrx_word' id='word_1_414' title='bbox 212 4388 240 4442; x_wconf 91' lang='lat' dir='ltr'><strong>It</strong></span> <span class='ocrx_word' id='word_1_415' title='bbox 259 4389 282 4442; x_wconf 89' lang='lat' dir='ltr'><strong>is</strong></span> <span class='ocrx_word' id='word_1_416' title='bbox 300 4404 366 4459; x_wconf 83' lang='lat' dir='ltr'><strong>easy</strong></span> <span class='ocrx_word' id='word_1_417' title='bbox 381 4393 411 4443; x_wconf 89' lang='lat' dir='ltr'><strong>to</strong></span> <span class='ocrx_word' id='word_1_418' title='bbox 426 4387 517 4454; x_wconf 81' lang='lat' dir='ltr'><strong>know,</strong></span> <span class='ocrx_word' id='word_1_419' title='bbox 531 4403 562 4441; x_wconf 89' lang='lat' dir='ltr'><strong>so</strong></span> <span class='ocrx_word' id='word_1_420' title='bbox 583 4387 627 4441; x_wconf 84' lang='lat' dir='ltr'><strong>sar</strong></span> <span class='ocrx_word' id='word_1_421' title='bbox 643 4404 673 4442; x_wconf 89' lang='lat' dir='ltr'><strong>as</strong></span> <span class='ocrx_word' id='word_1_422' title='bbox 688 4389 881 4461; x_wconf 87' lang='lat' dir='ltr'><strong>presumption</strong></span> <span class='ocrx_word' id='word_1_423' title='bbox 894 4404 970 4459; x_wconf 81' lang='lat' dir='ltr'><strong>goes,</strong></span> <span class='ocrx_word' id='word_1_424' title='bbox 984 4394 1044 4444; x_wconf 85' lang='lat' dir='ltr'><strong>acts</strong></span> <span class='ocrx_word' id='word_1_425' title='bbox 1059 4387 1149 4443; x_wconf 81' lang='lat' dir='ltr'><strong>nhich</strong></span> <span class='ocrx_word' id='word_1_426' title='bbox 1165 4405 1215 4445; x_wconf 88' lang='lat' dir='ltr'><strong>are</strong></span> 
     </span>
     <span class='ocr_line' id='line_1_46' title="bbox 117 4472 1215 4547; baseline 0 -18"><span class='ocrx_word' id='word_1_427' title='bbox 117 4474 301 4546; x_wconf 83' lang='lat' dir='ltr'><strong>conspicuous</strong></span> <span class='ocrx_word' id='word_1_428' title='bbox 315 4474 371 4528; x_wconf 92' lang='lat' dir='ltr'><strong>and</strong></span> <span class='ocrx_word' id='word_1_429' title='bbox 384 4472 473 4528; x_wconf 78' lang='lat' dir='ltr'><strong>which</strong></span> <span class='ocrx_word' id='word_1_430' title='bbox 487 4488 536 4527; x_wconf 88' lang='lat' dir='ltr'><strong>aro</strong></span> <span class='ocrx_word' id='word_1_431' title='bbox 547 4472 687 4544; x_wconf 80' lang='lat' dir='ltr'><strong>frequent.</strong></span> <span class='ocrx_word' id='word_1_432' title='bbox 722 4473 809 4528; x_wconf 85' lang='lat' dir='ltr'><strong>What</strong></span> <span class='ocrx_word' id='word_1_433' title='bbox 826 4475 849 4529; x_wconf 86' lang='lat' dir='ltr'><strong>is</strong></span> <span class='ocrx_word' id='word_1_434' title='bbox 867 4474 941 4531; x_wconf 89' lang='lat' dir='ltr'><strong>donc</strong></span> <span class='ocrx_word' id='word_1_435' title='bbox 955 4475 993 4547; x_wconf 86' lang='lat' dir='ltr'><strong>by</strong></span> <span class='ocrx_word' id='word_1_436' title='bbox 1008 4491 1101 4546; x_wconf 83' lang='lat' dir='ltr'><strong>many,</strong></span> <span class='ocrx_word' id='word_1_437' title='bbox 1111 4491 1163 4530; x_wconf 85' lang='lat' dir='ltr'><strong>can</strong></span> <span class='ocrx_word' id='word_1_438' title='bbox 1179 4475 1215 4535; x_wconf 87' lang='lat' dir='ltr'><strong>bo</strong></span> 
     </span>
    </p>
   </div>
   <div class='ocr_carea' id='block_1_8' title="bbox 0 0 1509 5062">
    <p class='ocr_par' dir='ltr' id='par_1_11' title="bbox 0 0 1509 5062">
     <span class='ocr_line' id='line_1_47' title="bbox 0 0 1509 5062; baseline 0 0"><span class='ocrx_word' id='word_1_439' title='bbox 0 0 1509 5062; x_wconf 95' lang='lat' dir='ltr'><strong> </strong></span> 
     </span>
    </p>
   </div>
  </div>
 </body>
</html>
