3000 5062
284 317 348 380 310
729 319 782 373 DE
805 319 943 374 POENIS.

1259 313 1334 388 [nn.
1350 318 1392 373 11.

284 509 338 553 eos
354 485 428 573 uqui
451 485 617 551 humanam
640 504 764 548 carnem
788 481 964 569 epulantur,
984 486 1024 547 ¹a
1043 503 1105 568 qno
1127 503 1214 548 more
1235 481 1392 547 absistere

285 586 391 652 Gallos
408 594 529 650 veteres
546 582 698 648 Hercules
715 581 825 668 coligit,
847 589 996 646 narrante
1012 580 1188 657 ⁸Diodor03
1213 580 1246 644 in
1263 579 1391 665 eosqui

120 700 269 787 gemit
284 685 445 771 piraticam
462 691 618 748 exercent.
664 681 798 745 Seneca:
825 683 857 746 ei
877 703 941 745 nou
956 683 1112 767 patriam
1132 702 1237 746 mmm
1259 682 1390 764 impug-

144 777 149 786 ’
283 796 352 859 nat,
375 786 432 849 sed
448 805 514 848 sure
529 783 645 865 prauis
662 791 717 853 eet,
742 791 772 843 et
787 782 944 865 sepositus
961 803 984 843 a
1007 802 1077 844 mea
1092 791 1296 864 ponteonem
1312 800 1391 843 aaa·

281 886 379 968 pltat,
412 883 554 946 abscidit
587 880 799 944 nihilominus
832 878 928 943 illurn
959 891 1055 943 touta
1082 879 1241 962 prauitas
1270 878 1389 942 animi.

284 979 496 1069 Augustinus:
522 981 700 1064 opinantur
724 978 846 1042 scelera
861 979 1026 1061 facienda
1049 979 1188 1053 mont,
1215 977 1334 1062 qualia
1359 978 1391 1041 ei

284 1082 401 1166 aliquo
427 1092 556 1144 terrena
576 1079 695 1142 ciuitas
717 1077 906 1152 decerneret,
930 1078 1168 1151 decreuissetue,
1191 1096 1306 1160 genere
1330 1076 1390 1139 lirc-

283 1202 380 1244 mano
397 1181 580 1243 decernente
586 1179 707 1261 fuerat
724 1177 903 1240 evertendo.
939 1177 990 1240 De
1007 1174 1122 1239 talibus
1138 1172 1221 1238 enim
1233 1172 1388 1249 barbaris,

283 1287 317 1343 et
342 1276 417 1343 ieris
447 1275 547 1363 magis
571 1296 665 1359 quam
694 1273 878 1349 hominihus,
904 1273 966 1338 dici
993 1281 1079 1338 recte
1106 1280 1210 1360 potest
1237 1271 1322 1357 qnod
1349 1271 1390 1337 de

283 1377 396 1452 Persis,
414 1373 468 1460 qui
489 1373 608 1439 Graccis
624 1372 719 1437 nihilo
732 1370 903 1437 deteriores
920 1381 1021 1448 erant,
1036 1392 1184 1458 perverse
1200 1369 1281 1436 dixit
1300 1368 1390 1435 Arie-

282 1475 403 1553 totelee‚
426 1472 569 1538 naturale
593 1471 625 1536 in
643 1493 696 1537 eos
720 1492 788 1537 esee
804 1469 939 1548 bellum;
963 1479 997 1537 et
1012 1471 1096 1556 quod
1113 1470 1267 1535 Isocrates
1285 1470 1390 1535 Pana·

282 1573 425 1639 thenaico
448 1570 536 1648 dixit,
553 1568 758 1657 justissimum
780 1590 847 1635 esec
868 1569 985 1635 bellum
1004 1570 1039 1635 in
1060 1568 1189 1646 belluae,
1210 1566 1390 1656 proximum

281 1673 317 1737 in
332 1671 473 1738 homines
488 1670 617 1736 ⁹belluis
633 1669 757 1736 similes.

120 990 165 1031 na
175 1002 194 1029 v.
206 993 237 1030 De

120 1038 163 1077 Cic.
175 1039 221 1085 Del,
228 1049 245 1077 c.
253 1039 269 1077 l.

283 1858 412 1903 ermom.
432 1842 808 1905 maletractatione.
859 1839 1249 1903 hooipsocapitedicentnrfiil.
1280 1839 1390 1887 etcum.

283 1921 441 1977 Lecranmo,
461 1920 521 1967 Iret.
534 1919 592 1966 Dio.
608 1919 661 1966 Lib.
675 1933 692 1968 1.
708 1933 761 1979 cap.
771 1920 809 1966 21.
859 1916 965 1963 tisinum
979 1915 1127 1976 principibus
1143 1915 1296 1974 Abaegornm
1311 1914 1390 1960 edixit

283 1995 310 2043 J.
320 1995 353 2042 B.
860 2006 891 2040 ne
901 1992 1050 2039 subditorum
1058 2004 1146 2051 pueros
1155 1994 1294 2036 menamnt.
1327 1989 1389 2035 Pro·

328 2077 340 2102 ⁰
357 2069 406 2129 Qui
423 2068 550 2114 hunam
564 2082 658 2116 camna
671 2066 809 2129 epuannr]

283 2145 337 2192 Hoc
353 2157 450 2204 quoqne
466 2143 564 2203 Scythas
581 2143 720 2189 Alexander
736 2143 808 2188 dedo-

283 2220 341 2267 cuit.
372 2219 439 2279 [Vid.
449 2218 573 2264 Plutarch.
583 2216 656 2277 ibid]

327 2301 341 2328 ¹
356 2293 380 2340 A
392 2308 438 2354 qao
448 2307 511 2339 more
526 2292 639 2339 allaim
651 2291 737 2340 Gallos
751 2297 810 2338 oete·

283 2384 323 2417 ree
342 2368 457 2415 Hercules
480 2366 565 2428 eoepit]
586 2367 649 2413 Vide
668 2367 809 2428 Dionysium

283 2444 517 2491 Halicarnassensem
536 2446 673 2487 cremantem
695 2447 723 2488 nt
745 2442 809 2487 Her·

283 2518 349 2564 cules
358 2519 422 2562 hunc
432 2530 522 2562 morem
533 2516 627 2574 elinque
639 2515 717 2561 multa
725 2517 810 2561 abstu-

283 2592 347 2647 lerit,
361 2591 387 2636 in
397 2590 518 2636 meleficiis
527 2589 576 2634 suis
588 2590 685 2634 Graecos
694 2603 710 2633 a
722 2590 808 2634 barbe-

861 2068 944 2127 oopios
963 2067 1072 2113 meminit
1094 2065 1258 2113 Gotttioorcn
1273 2077 1309 2112 nv.
1335 2066 1389 2122 (sen

860 2142 925 2188 Hiet.
948 2141 1020 2188 Mire.
1040 2142 1128 2201 capt)
1144 2146 1169 2187 et
1185 2141 1291 2186 Zonaras
1308 2139 1389 2186 Leone

860 2217 956 2264 Isaura.
986 2216 1019 2262 Et
1034 2216 1125 2272 Inchae,
1141 2215 1166 2260 in
1182 2214 1293 2261 Pomone
1306 2227 1388 2274 reges,

862 2290 904 2351 [de
923 2290 1010 2350 quibus
1029 2290 1145 2336 ridendus
1167 2288 1294 2336 Gnrcilses.
1316 2289 1348 2335 de
1364 2289 1390 2334 ln

861 2363 943 2426 Vegn]
954 2364 1044 2411 ricinos
1056 2365 1166 2424 populos,
1181 2364 1224 2424 qui
1237 2363 1324 2410 moniti
1338 2376 1389 2410 non

861 2444 982 2501 parerent,
997 2439 1020 2484 vi
1031 2452 1131 2498 coegere
1140 2439 1255 2485 masura
1268 2439 1299 2483 ab
1310 2438 1389 2484 inces-

861 2515 900 2571 tis,
909 2529 925 2559 a
934 2513 1035 2559 mnrium
1046 2527 1099 2559 cum
1110 2514 1215 2559 maribus
1224 2511 1364 2567 concubitu,
1374 2526 1390 2558 n

861 2587 1006 2634 comestione
1016 2587 1148 2644 hominnm,
1163 2588 1264 2648 aliisque
1276 2587 1300 2633 id
1309 2600 1390 2646 genus

282 2665 316 2710 rls
333 2677 382 2709 non
396 2663 553 2722 (intinguens.
582 2662 745 2707 Romanorum
761 2676 810 2709 non
860 2665 1014 2719 facinoribus,
1034 2670 1107 2724 etque
1121 2678 1150 2710 eo
1170 2665 1241 2710 modo
1260 2664 1389 2724 imperinm

283 2739 376 2783 minora
385 2737 410 2782 in
421 2750 498 2796 genus
508 2730 637 2781 humanum
650 2737 735 2782 merita
747 2752 809 2796 pne-
861 2740 906 2786 sihi
916 2743 1032 2800 panarum
1039 2738 1144 2784 omnium
1152 2753 1206 2798 quse
1215 2753 1315 2799 usquam
1327 2739 1392 2799 legi·

283 2810 566 2858 nocimentorum.
595 2810 652 2856 Non
669 2813 730 2857 rotie
745 2815 810 2859 ceti-
861 2828 922 2869 mus,
944 2818 1058 2872 excerpta
1078 2812 1201 2875 religione,
1218 2813 1391 2873 justissimum.

283 2886 347 2933 suari
355 2891 433 2945 potest
442 2890 554 2946 wercum
562 2885 679 2932 Romanis
692 2887 811 2947 detectio,
862 2887 1016 2948 [Droeusrus
1034 2887 1284 2934 Hennensesssnners
1305 2892 1392 2934 narrat

284 2961 327 3022 qui
336 2961 564 3018 mulleremoaetra,
572 2961 688 3021 inquibus
697 2962 811 3009 hominm
862 2963 980 3023 equidem,
995 2962 1123 3009 Herculem
1133 2962 1253 3009 retedbus
1262 2961 1341 3008 Italiae
1351 2963 1391 3008 in-

284 3035 390 3083 occidere
416 3034 617 3096 religiosissimum
645 3040 705 3094 erat,
729 3037 812 3083 mendi
862 3037 921 3083 colis
938 3037 1091 3096 pneumon,
1110 3040 1146 3093 ut,
1165 3037 1220 3082 loco
1237 3036 1390 3083 victimarum

284 3110 607 3160 oeroetiaorralnlerrimnrn.
626 3110 811 3172 Conjnngeqnae
861 3111 1026 3169 humanarum,
1040 3110 1130 3170 effigies
1140 3110 1254 3170 quasdam
1263 3110 1390 3158 hominnm

286 3361 373 3416 cnrod
384 3360 463 3416 them
473 3361 507 3416 of
515 3360 570 3416 thie
582 3361 726 3433 barbarity
733 3382 741 3427 ς
756 3363 865 3433 against
875 3361 956 3417 those
965 3361 1027 3417 who
1039 3362 1089 3416 hill
1101 3367 1259 3433 strangam
1277 3361 1390 3432 against

285 3446 367 3502 those
384 3445 446 3500 who
461 3446 527 3500 seed
543 3463 581 3500 on
598 3446 704 3501 human
721 3448 800 3513 flesh,
816 3447 906 3502 which
923 3464 1009 3519 usage
1020 3448 1157 3502 Hercules
1169 3446 1326 3518 compelled
1337 3445 1389 3502 the

287 3533 375 3585 Gaulo
386 3537 416 3583 to
428 3531 491 3600 gire
505 3547 553 3601 up,
564 3547 595 3583 ae
608 3530 750 3586 Diodorus
762 3539 904 3587 narrares:
924 3534 980 3587 and
999 3533 1108 3604 against
1126 3532 1206 3587 those
1224 3533 1286 3586 who
1306 3548 1390 3604 prac-

286 3615 339 3669 tiee
363 3615 468 3684 piracy.
514 3616 622 3668 Seneca
636 3632 708 3685 says,
730 3616 792 3670 thet
813 3619 910 3688 tiouplt
929 3620 960 3673 lie
978 3619 1038 3673 does
1059 3627 1106 3673 not
1125 3619 1159 3673 do
1182 3636 1238 3689 any
1260 3618 1342 3671 ltcrm
1362 3627 1389 3672 to

286 3716 333 3768 my
350 3707 470 3766 country,
483 3708 527 3767 yet
540 3699 604 3751 mccli
622 3701 762 3770 depravity
779 3710 836 3755 utu
850 3703 905 3755 iim
920 3705 962 3773 off
971 3701 1058 3771 [from
1070 3706 1111 3757 tlte
1126 3705 1159 3758 tie
1170 3705 1206 3773 os
1215 3699 1386 3773 humanity]:

286 3782 443 3852 Augustino
458 3797 521 3852 says
538 3781 602 3836 thot
618 3785 687 3838 there
702 3802 750 3838 ore
769 3785 856 3857 things
872 3788 957 3842 which
976 3790 1009 3859 if
1021 3807 1077 3860 any
1092 3796 1158 3843 etate
1172 3807 1208 3842 on
1225 3788 1302 3842 ecrtlt
1321 3788 1391 3843 taos

288 3867 400 3931 demeed,
414 3886 447 3922 or
459 3868 555 3922 should
568 3869 814 3934 dominatricis
828 3872 919 3926 would
932 3875 1036 3945 require
1053 3885 1079 3929 to
1094 3876 1123 3929 he
1134 3875 1302 3929 ooertiroum
1319 3874 1353 3943 by
1369 3890 1390 3926 a

287 3955 374 4010 deorse
387 3956 425 4025 os
433 3956 474 4010 tie
487 3955 590 4009 humen
604 3972 672 4010 raca
720 3955 762 4011 of
773 3958 842 4012 euch
856 3958 1027 4026 barbarione,
1036 3960 1092 4015 and
1102 3960 1164 4013 wild
1177 3960 1279 4025 bessis,
1290 3957 1390 4012 rather

287 4040 357 4094 than
375 4057 449 4102 men,
469 4056 511 4095 wc
530 4057 596 4112 may
615 4056 665 4113 say
684 4040 760 4096 what
778 4042 914 4099 Aristides
933 4045 1092 4116 previously
1112 4046 1174 4100 enid
1193 4044 1228 4100 of
1247 4043 1297 4099 the
1316 4044 1390 4098 Per-

286 4126 369 4191 siens,
389 4124 464 4193 (who
479 4141 552 4180 wore
573 4126 661 4199 really
682 4143 719 4181 no
732 4145 819 4184 worso
837 4129 907 4184 than
925 4130 974 4185 the
989 4128 1118 4197 Greeke)
1137 4132 1267 4186 thatwar
1278 4129 1390 4200 against

286 4211 365 4266 them
389 4212 412 4265 is
436 4210 637 4274 natura13and
658 4212 732 4268 what
758 4215 894 4271 Isocrates
921 4215 989 4280 said,
1010 4215 1072 4271 that
1092 4233 1149 4270 war
1169 4216 1279 4288 against
1302 4214 1389 4269 brute

285 4296 378 4351 bessis
390 4313 444 4351 wne
456 4301 530 4350 most
542 4297 611 4368 just,
629 4299 685 4353 and
700 4309 767 4356 next
785 4308 814 4356 to
830 4302 900 4366 thot,
915 4319 972 4356 war
988 4302 1097 4374 against
1114 4319 1181 4358 men
1192 4301 1254 4356 who
1266 4316 1315 4357 arc
1329 4300 1389 4354 like

284 4381 389 4437 brutae.

338 4472 356 4519 4
383 4465 448 4522 And
462 4482 494 4522 eo
513 4467 558 4524 sar
569 4486 610 4526 wo
627 4471 722 4530 follow
735 4473 783 4530 the
795 4473 911 4546 opinion
925 4472 958 4529 oi
972 4474 1163 4540 Innocentius,
1178 4474 1237 4530 and
1248 4473 1283 4530 oi
1291 4470 1389 4529 others
