3000 5062
285 298 350 363 268
733 309 786 364 DE
807 309 945 364 POENIS.
1263 306 1339 377 [Lm.
1351 310 1390 366 11.

280 471 476 554 permittam
503 491 525 534 a
556 471 707 537 creatore
733 470 861 534 oculum
883 470 1025 552 eaipcntc
1042 489 1108 552 pro
1135 469 1237 545 oouio,
1260 481 1292 534 ct
1314 471 1391 535 dcu-

285 581 349 634 tcm
360 592 425 655 pro
442 571 544 645 dente,
562 581 676 635 contra
692 570 761 653 ipre
778 570 919 633 atteram
931 568 1075 652 ampliat
1090 569 1264 632 maiitiam
1279 570 1392 653 offerri
1486 590 1490 600 ·

278 668 404 752 jubent,
432 681 462 735 et
484 690 581 752 cuper
604 669 750 734 tunicam
768 669 878 752 pallio
903 688 1027 753 quoque
1051 667 1132 734 cedi.
1178 668 1292 732 Plane
1321 669 1391 734 bac

288 769 440 834 Cbriotuc
468 769 634 852 adjecerit,
658 779 695 832 ιιι
719 767 939 853 cupplmneuta
967 778 1180 831 canmtama
1202 768 1391 850 diociptina

288 869 464 932 Creatorii.
515 868 622 952 Atque
648 868 730 931 adeo
755 867 814 931 boc
840 867 956 930 rtatim
980 866 1234 930 renuntiandum
1260 878 1316 942 eet,
1344 890 1389 932 an

284 967 466 1052 disciplina
476 969 650 1051 patientia
665 966 868 1050 practicetur
884 987 982 1054 periet
1003 966 1196 1031 Creatorem.
1244 967 1306 1031 Sic
1325 988 1389 1051 per

287 1067 492 1131 Zachariam
511 1067 677 1151 pracipit,
700 1086 739 1130 ue
763 1067 984 1150 ununquioque
1004 1065 1172 1129 malitiam
1186 1066 1321 1149 sratrio
1335 1067 1390 1132 oui

283 1167 474 1240 meminerit,
497 1167 554 1230 ted
582 1186 639 1230 neo
663 1165 817 1253 proximi.
869 1167 961 1229 Nam
987 1176 1018 1228 et
1044 1185 1182 1229 ruram:
1206 1165 1386 1241 malitiam,

283 1265 401 1348 inquit,
413 1266 564 1349 prooimi
579 1265 637 1328 oui
655 1265 870 1348 unuquisque
886 1286 925 1329 ne
939 1265 1100 1347 reecpitet.
1151 1264 1261 1328 Multo
1278 1267 1388 1350 mapio

278 1364 481 1448 patientiam
497 1364 621 1427 indicit
637 1362 777 1444 injuria,
796 1364 853 1448 qui
876 1364 999 1427 indicit
1018 1363 1215 1428 obliuionem.
1262 1364 1332 1429 Sed
1355 1377 1386 1430 et

285 1483 384 1546 quum
400 1463 493 1537 dicit,
511 1463 595 1526 mibi
620 1462 801 1526 uindictam
818 1473 849 1526 et
865 1484 921 1546 epo
935 1463 1118 1541 vindicabo,
1131 1464 1272 1549 proinde
1290 1466 1385 1548 pati·

283 1562 406 1626 entiam
432 1562 522 1626 docet
547 1562 700 1626 uindicta
727 1564 997 1645 cospectatricem.
1048 1564 1092 1626 In
1121 1573 1279 1644 quantum
1307 1584 1385 1648 erpo

282 1682 347 1725 non
369 1662 469 1746 capit,
495 1672 533 1725 ut
557 1662 643 1726 idem
665 1661 819 1725 rideatur
843 1672 874 1726 ot
897 1663 1020 1727 dentem
1039 1682 1105 1745 pro
1126 1663 1228 1737 dente,
1254 1663 1384 1728 oculum

275 1781 343 1847 pro
365 1761 465 1836 oculo,
486 1762 524 1825 in
547 1761 649 1825 vicem
669 1759 801 1844 injuria
824 1761 958 1845 ccipere,
982 1762 1041 1845 qui
1064 1781 1128 1824 uon
1150 1762 1243 1826 modo
1268 1762 1383 1839 vicera,

280 1861 338 1926 cod
360 1862 460 1925 ctiam
484 1861 647 1935 ultionem,
665 1860 765 1924 etiam
789 1861 1043 1925 recordationem
1064 1870 1095 1925 et
1119 1861 1384 1944 reecpitatiouem

283 1959 415 2043 injuria
427 1961 589 2044 probibet,
608 1961 647 2023 in
666 1965 793 2023 tantum
810 1961 961 2046 aperitur
976 1960 1067 2024 nobie
1083 1960 1236 2044 quomodo
1252 1961 1384 2026 oculum

279 2079 343 2142 pro
360 2061 452 2125 acuto
473 2070 503 2125 et
525 2061 651 2124 dentem
664 2080 730 2143 pro
755 2059 847 2123 dente
868 2059 1119 2139 commeritum
1139 2060 1186 2122 ad
1205 2062 1383 2126 orandam

282 2159 442 2242 injuriam
469 2160 604 2224 taliouio
628 2159 889 2241 permittendam,
918 2180 1017 2244 quam
1037 2158 1255 2243 prohibuerat
1281 2161 1383 2226 inter·

282 2259 375 2323 dicta
392 2260 522 2332 atticae,
540 2260 596 2323 ted
613 2260 659 2321 ad
668 2259 818 2342 primam
830 2259 1037 2322 coercendam
1052 2279 1151 2342 quam
1162 2259 1384 2342 prohibuerat

282 2360 433 2443 oppetita
462 2359 592 2432 talione,
625 2363 663 2420 ut
689 2357 906 2441 unusqumque
939 2358 1115 2443 respicient
1142 2358 1309 2423 licentiam
1334 2381 1384 2425 oe·

281 2460 396 2523 cunda
420 2457 552 2542 injuria
579 2478 602 2520 a
624 2457 741 2542 prima
766 2457 969 2541 temetipsum
996 2457 1179 2522 contineret.
1225 2459 1385 2525 Facilius

281 2559 366 2621 euim
383 2557 450 2620 uim
475 2557 646 2640 comprimi
672 2556 734 2620 ecit
757 2557 1039 2636 repraoentatioae
1057 2556 1201 2631 tationis,
1216 2577 1315 2642 quam
1332 2580 1384 2622 re-

279 2655 490 2739 promiooioue
506 2655 650 2717 ultionis.
709 2654 890 2738 Utrumque
906 2665 1015 2719 autem
1031 2656 1291 2720 couetituendum
1302 2657 1383 2740 suit

274 2775 340 2838 pro
357 2763 481 2816 natura
500 2764 530 2817 et
549 2752 618 2834 fide
633 2752 807 2826 bominum,
830 2763 867 2817 ut
887 2755 944 2838 qui
964 2756 1036 2819 Deo
1055 2755 1385 2830 coarctationem

279 2873 305 2916 a
330 2854 401 2917 Deo
434 2862 652 2937 oropectarot:
678 2852 735 2937 qui
768 2852 879 2918 minuo
899 2854 1025 2935 fideret,
1062 2852 1144 2936 tepeo
1175 2854 1311 2920 talionis
1337 2858 1382 2920 ti-

279 2964 389 3018 meret.

354 3053 377 3116 4
420 3053 521 3117 Ηαιιο
559 3051 637 3136 topic
670 3050 866 3117 uoluntatem
896 3052 936 3116 de
965 3051 1130 3118 intellectu
1166 3052 1381 3130 laborantem,

280 3152 428 3218 deminuo
448 3165 478 3218 et
495 3152 635 3226 rabbuti,
657 3161 687 3214 et
706 3150 794 3234 lepis,
824 3162 854 3215 et
871 3152 1013 3215 omnium
1031 3163 1252 3236 paternarum
1271 3154 1384 3238 diopo-

278 3254 433 3319 titionum
454 3253 601 3319 Obrietuo
628 3262 658 3316 et
685 3251 840 3315 reoebacit
857 3261 886 3315 et
904 3262 1076 3335 compotem
1093 3253 1188 3335 fecit,
1215 3254 1383 3318 mandant

278 3354 417 3419 alteriue
437 3374 558 3439 quoque
580 3349 728 3414 mamilla
749 3350 951 3424 oblationem,
974 3360 1011 3414 ιιι
1033 3360 1124 3415 ιαιιιο
1149 3353 1257 3434 mapic
1278 3353 1383 3416 uicem

278 3453 411 3538 injuria
426 3453 633 3535 eotinpueret
652 3470 751 3534 quam
774 3459 804 3513 et
829 3449 877 3513 leo
896 3469 960 3533 per
986 3449 1138 3514 talionem
1154 3450 1300 3515 coluerat
1317 3451 1382 3515 im·

278 3636 322 3668 cur
330 3622 418 3667 ultione
426 3621 543 3678 permissa
552 3619 678 3679 culpantur
688 3619 707 3663 ii
717 3620 759 3678 qui
768 3619 803 3664 ad
852 3624 874 3665 et
883 3619 918 3665 ad
926 3621 1036 3667 ultionem
1045 3621 1100 3668 ιιιιίι
1109 3622 1222 3681 ὶιιιριιιιι,·
1238 3622 1266 3668 ob
1277 3623 1305 3669 id
1312 3623 1383 3685 dicit,

277 3709 329 3741 eam
338 3693 482 3740 deotmunt?
496 3708 565 3739 mox:
577 3695 677 3753 ipnoreit
687 3694 755 3739 Dera
764 3696 802 3751 iic,
852 3695 944 3741 oculum
949 3709 998 3755 pro
1007 3697 1089 3743 oculo:
1105 3703 1131 3744 at
1141 3697 1216 3744 aiibi:
1227 3700 1273 3744 uia
1281 3700 1383 3746 iracun-

277 3780 337 3827 quoe
347 3765 443 3826 risorte
452 3764 592 3811 contumelia
601 3778 682 3810 ceruus
696 3763 803 3824 abripuit
853 3769 937 3816 dorum
947 3772 982 3818 ad
993 3778 1094 3831 morton,
1109 3773 1174 3834 quod
1187 3775 1218 3830 ti,
1233 3775 1274 3821 ubi
1287 3777 1383 3824 acutum

276 4021 312 4077 of
322 4020 372 4076 the
389 4020 446 4077 Old
467 4019 638 4083 Testament,
656 4018 719 4075 that
738 4037 899 4092 vengounco
919 4023 942 4078 is
961 4028 992 4078 ιο
1009 4023 1046 4078 bo
1064 4023 1118 4079 left
1132 4030 1163 4080 to
1179 4023 1252 4079 God.
1297 4024 1381 4099 They

278 4107 340 4162 who
353 4107 462 4162 bolievo
472 4106 503 4159 in
517 4105 585 4169 him,
599 4122 648 4159 arc
661 4111 692 4160 to
707 4114 807 4179 expect
822 4108 885 4162 that
899 4109 944 4164 He
962 4109 1017 4162 will
1036 4110 1158 4181 punioh3
1179 4111 1248 4183 thoy
1262 4111 1325 4167 who
1340 4113 1379 4168 do

276 4203 337 4257 not,
351 4210 400 4248 uro
414 4199 445 4247 tc
460 4192 522 4246 four
535 4192 704 4246 retaliation.

328 4286 346 4332 4
376 4277 478 4340 Christ,
501 4275 537 4331 he
557 4276 635 4342 adds,
649 4279 698 4332 did
716 4285 767 4334 not
782 4280 896 4352 dostroy
909 4279 959 4335 the
974 4279 1105 4352 toaching
1119 4282 1153 4336 of
1167 4280 1216 4338 the
1232 4282 1287 4338 Old
1299 4285 1377 4341 Lau.

276 4365 339 4418 God
352 4364 402 4419 has
414 4362 550 4435 provided
560 4364 662 4435 judgcs
671 4366 704 4420 of
710 4365 810 4439 injury.
847 4367 977 4422 Without
985 4367 1050 4433 this,
1058 4368 1242 4424 forbearance
1256 4369 1329 4425 lones
1338 4371 1378 4427 itu

273 4450 396 4506 reward:
414 4449 461 4505 for
471 4449 495 4504 it
509 4447 533 4504 iu
547 4449 586 4522 by
599 4450 649 4508 tho
662 4451 724 4509 seur
738 4452 770 4508 ot
782 4452 964 4525 punithment
979 4452 1042 4510 that
1056 4454 1150 4529 injury
1165 4455 1188 4511 io
1203 4455 1373 4514 controlled.
