3000 5062
110 308 178 362 Car.
193 305 275 373 XX]
551 309 603 361 DE
626 308 761 362 POENIS.
1146 303 1209 366 337

108 468 192 534 inter
216 476 337 533 ceteras
361 467 456 533 allata
478 467 550 533 belli
576 467 826 554 Peloponnesiaci
851 467 932 535 inter
954 468 1158 534 Athenienses
1174 477 1207 534 et
1220 487 1364 535 nicenus

1220 540 1258 573 tie·

110 565 369 642 Lacedaemonios,
397 575 430 632 et
458 587 478 631 a
508 565 655 653 Philippo
685 567 856 633 Macedone
885 567 918 631 in
948 568 1140 633 Phocenses:
1167 567 1206 632 de
1220 586 1370 633 Drocxvtn.

1200 669 1207 683 ,
1219 637 1257 669 etc.

109 686 240 750 quorum
265 664 426 753 sacrilegio
450 664 495 730 sic
519 666 682 731 Justinus:
708 669 794 751 qaod
819 668 917 732 Orbis
933 669 1060 732 viribus
1076 668 1206 752 copiare
1219 685 1345 725 sin-oua

109 766 227 829 debuit.
281 763 496 851 Hieronymus
521 765 563 829 ad
590 763 729 829 Danielis
754 788 785 830 v.
842 767 1010 845 Quamdiu
1036 787 1118 830 naso
1129 768 1206 850 foe
1220 783 1312 831 scolo-

108 875 187 927 runt
218 865 255 927 in
281 864 383 928 idolio
410 864 601 948 Babylonia
628 885 692 928 non
715 874 761 928 est
788 866 898 929 iratae
922 865 1085 928 Dominus
1107 864 1206 946 (cide
1242 911 1246 919 ›
1284 887 1287 891 ’

109 964 232 1026 bantur
262 964 348 1028 onim
371 984 440 1027 rem
464 964 532 1027 Dei
556 964 729 1027 secondom
757 984 904 1047 monam
929 964 1058 1047 qnidam
1083 964 1206 1047 opinio·

107 1083 189 1136 nem,
225 1074 333 1125 tomen
365 1062 477 1126 olicino
511 1062 616 1125 cultui
648 1062 859 1144 consecrasse)
885 1072 1064 1146 postquam
1098 1073 1206 1125 autem

108 1161 260 1225 inmanis
284 1161 400 1225 wihus
432 1161 552 1224 diuina
584 1161 817 1235 contaminant,
845 1161 959 1225 statim
975 1182 1078 1243 peona
1102 1162 1206 1242 seqni-

110 1270 165 1322 tur
190 1271 268 1343 post
301 1260 521 1343 sacrilegium.
571 1256 726 1321 Nimirum
760 1265 794 1322 et
827 1256 1020 1344 Augustinus
1051 1257 1206 1323 existimat

106 1358 250 1422 ‘auctum
266 1378 287 1423 a
302 1358 372 1422 Deo
398 1355 562 1444 imperium
579 1357 800 1433 Romanorum,
818 1356 902 1442 quod
919 1355 1005 1421 cordi
1021 1355 1081 1421 illis
1097 1355 1206 1422 inisset

107 1553 141 1595 tes
153 1549 246 1597 odbse:
263 1549 371 1610 alioquin
385 1549 437 1609 ipse
450 1547 497 1594 sibi
511 1546 567 1593 odio
580 1547 633 1595 erit.
725 1545 737 1575 ⁴
751 1547 818 1593 Dicit
826 1547 994 1607 Philosophus,
1003 1546 1135 1607 ignorantis
1140 1562 1152 1603 ,·
1167 1548 1205 1607 ig·

107 1623 142 1669 M.
164 1624 303 1670 Antoninus
322 1625 384 1669 libro
403 1636 441 1669 nx.
463 1622 543 1682 (511.
563 1622 632 1668 Edit.
681 1621 791 1667 notantis
810 1625 891 1667 autom
914 1635 969 1667 oum
995 1635 1075 1667 erroro
1094 1634 1207 1680 magnam

110 1697 213 1757 Galat.)
232 1700 254 1743 sl
269 1698 314 1756 μὲν
329 1696 632 1756 illucescentibus«.
680 1694 754 1740 habet
771 1695 927 1750 adfinitatem,
944 1700 970 1741 et
984 1695 1023 1741 hic
1037 1696 1067 1740 ab
1087 1695 1128 1740 illa
1143 1708 1207 1754 saepo

108 1773 129 1816 si
149 1772 175 1818 di
195 1771 237 1831 seri,
253 1772 372 1830 μέμνησο,
387 1771 429 1818 ὅτι
444 1771 507 1831 πρὸς
523 1771 601 1817 τοῦτο
617 1769 632 1824 sl
681 1769 772 1815 oritur:
789 1769 915 1827 Προσῆκεν
925 1769 951 1815 ds'
965 1786 1015 1816 που
1035 1769 1158 1830 [πάσχειν
1168 1771 1206 1829 τῷ

109 1845 221 1903 εὖμένενά
232 1863 273 1891 σοι
283 1846 396 1892 δέδοται·
411 1844 451 1890 sai
462 1844 485 1890 oi
496 1843 546 1890 ieet
557 1845 582 1889 ll
593 1844 632 1889 et·
680 1840 715 1900 nsi
735 1840 824 1901 εἰδότι]
844 1840 933 1900 μαθεῖν
952 1840 1025 1899 rapui
1040 1842 1086 1886 τοῦ
1101 1842 1205 1891 slio'ros.

107 1925 190 1979 μενεῖς
205 1924 262 1965 τοῖο
281 1920 405 1967 τοιούτοις
423 1919 494 1967 siais.
518 1919 541 1964 si
559 1922 633 1976 posu,
679 1915 719 1961 De
735 1915 795 1974 Περ.
811 1915 864 1961 Lib.
883 1928 900 1962 ι.
919 1929 975 1974 pag.
991 1918 1035 1963 ³37
1049 1929 1076 1963 1).
1091 1916 1160 1964 Tom.
1175 1930 1205 1967 11.

107 1993 207 2038 meliora
220 1993 293 2040 doce:
309 1994 386 2039 naon
399 1997 472 2053 potes,
483 1997 592 2039 memento
607 1992 633 2036 in
679 1989 866 2048 saissonis
893 1990 921 2036 J.
932 1991 963 2036 B.
1297 2038 1300 2045 ,

107 2066 151 2112 isac
160 2067 204 2112 iiii
214 2067 329 2113 lenitatem
337 2066 426 2112 dauns.
456 2066 634 2126 IpsiDiilenes
723 2064 843 2111 ⁸dontius
861 2065 899 2110 iili
914 2065 1043 2125 maiemar
1059 2064 1101 2124 qui
1120 2065 1145 2111 in
1160 2078 1206 2123 eos,

106 2145 161 2186 suns
187 2141 281 2187 talibas.
313 2141 496 2200 chrysostomus
515 2141 578 2201 Eph.
600 2141 631 2187 iv.
679 2153 738 2200 qssos
758 2140 823 2185 Deos
845 2144 938 2199 potant,
963 2140 1114 2186 irreverentes
1136 2145 1207 2199 mone

107 2218 135 2263 17
154 2214 237 2275 (Tam.
247 2228 283 2261 vs.
298 2229 355 2275 pag.
366 2214 435 2274 828):
453 2216 501 2262 τὸν
515 2215 566 2276 γάρ
581 2214 632 2275 ‹iy-
679 2215 810 2274 irreligiosi
819 2212 884 2273 sant]
901 2214 964 2260 Vide
974 2215 1004 2259 do
1014 2215 1059 2259 hac
1073 2227 1099 2260 rs
1108 2214 1207 2274 egregio

107 2291 222 2347 νοοῦντα,
233 2292 260 2335 oi
270 2292 350 2336 laxae
364 2290 475 2350 πάσχειν
489 2291 542 2336 οὐδὲ
555 2291 632 2349 lysa·
679 2288 744 2347 opud
766 2288 882 2348 cyrillum
898 2288 960 2333 libro
977 2293 1061 2335 contra
1079 2288 1206 2336 Jnliaussrs

107 2364 217 2420 isicius,
227 2363 298 2410 ἄλλο’
307 2361 439 2423 μανθάνειν
450 2362 545 2408 δίκαιόν
560 2363 632 2409 iores
680 2368 785 2410 v.eev1.
806 2363 1002 2410 Solonssnctoro
1016 2363 1205 2423 Amphictyones

107 2438 170 2496 ὅπερ
191 2439 291 2498 ἀγνοεῖ·
315 2452 365 2483 ενοι
384 2438 427 2497 qai
447 2438 542 2498 ignorat
560 2452 632 2498 neque
679 2438 743 2485 bello
760 2437 879 2497 persecuti
895 2443 952 2482 sunt
971 2436 1097 2493 Cirrhaca,
1113 2436 1205 2495 quodil

106 2514 169 2559 maio
185 2513 251 2576 offici
265 2526 337 2573 neqsoe
350 2512 461 2559 osmari
480 2517 576 2572 oportet,
590 2512 633 2559 sed
679 2513 770 2572 templo
781 2512 898 2571 Delphico
909 2512 956 2557 sim
971 2510 1117 2558 intulissent.
1146 2511 1205 2557 Plu·

106 2593 243 2648 oeqnnmest
259 2593 286 2635 at
302 2588 442 2647 discatque
458 2589 560 2648 ignorat.
581 2587 630 2634 Va·
679 2588 776 2634 iacchus
794 2586 889 2643 Solone,
906 2586 943 2645 (p.
956 2587 986 2632 83
1001 2583 1040 2646 s.)
1070 2584 1109 2632 Sic
1122 2589 1148 2631 ot
1162 2585 1204 2644 qul

104 2663 261 2719 lentinianus,
278 2663 392 2709 laudante
411 2662 541 2709 Ammiano
563 2663 630 2708 Mar·
678 2662 739 2709 falso
756 2662 801 2709 sibi
818 2667 899 2708 vatum
918 2674 1004 2707 nomen
1020 2661 1124 2707 induunt
1139 2666 1204 2707 recte

106 2739 191 2784 cellino
201 2739 263 2784 libro
273 2751 339 2784 xxx.
354 2738 631 2799 necqneannarninqai·
678 2738 826 2797 puniuntur:
847 2736 945 2783 consuls
965 2735 1096 2796 Agathiam
1115 2735 1158 2781 lib.
1179 2747 1204 2783 v.

105 2813 184 2869 elavit,
195 2827 267 2872 noque
276 2817 302 2857 nt
311 2814 355 2858 icc
370 2813 485 2858 coleretur
498 2813 632 2872 imperauit,
677 2813 753 2874 (Cep.
763 2812 799 2871 3.)

105 2893 148 2934 aas
158 2887 235 2942 illud;
250 2901 291 2933 nec
301 2887 432 2933 interdictis
440 2886 631 2932 minacibussnb·
723 2887 733 2914 ⁰
748 2886 836 2933 Nescio
851 2886 947 2931 ubinam
963 2885 987 2930 id
1002 2885 1089 2931 dixerit
1104 2886 1203 2946 Angus-

99 2962 213 3019 jectorens
224 2962 334 3008 corticem
344 2961 378 3005 ad
390 2959 418 3006 id
427 2959 491 3020 quod
500 2961 550 3020 ipse
560 2961 632 3007 coluit
678 2962 751 3008 tinus.
783 2962 855 3006 Certo
871 2960 905 3005 sic
919 2973 968 3003 non
979 2960 1036 3004 satis
1046 2959 1091 3005 sibi
1101 2964 1204 3015 constat,

106 3037 247 3094 inclinabat,
260 3037 302 3081 sed
315 3037 466 3081 intemeratas
479 3035 576 3094 reliquit
586 3036 631 3080 ias
678 3048 751 3094 quum
767 3034 820 3092 ipse
836 3032 889 3078 Lib.
907 3045 933 3077 v.
943 3044 995 3089 cap.
1013 3032 1054 3076 xii.
1072 3030 1113 3076 De
1132 3031 1203 3079 Oioit.

100 3112 321 3172 portesntreperit.
339 3110 413 3171 (Cap.
424 3110 460 3169 9.)
679 3110 728 3155 Dei
746 3108 800 3153 fuso
819 3107 878 3152 satis
898 3104 1019 3160 ostendat,
1039 3105 1203 3152 Romanorum

104 3361 260 3416 Atheniens
275 3358 330 3413 and
345 3357 599 3418 Lacedaemoniam,
612 3356 669 3411 and
681 3356 718 3427 by
730 3354 825 3426 Philip
837 3354 870 3409 of
881 3354 1019 3408 Macedon
1033 3354 1142 3424 against
1153 3354 1203 3408 the

104 3447 261 3499 Phocians:
285 3442 319 3496 of
334 3440 426 3496 whose
441 3442 574 3512 sacrilege
589 3442 683 3496 Justin
695 3458 766 3512 says,
782 3440 844 3494 that
858 3441 880 3495 it
894 3439 1018 3510 required
1038 3450 1064 3493 to
1082 3440 1110 3492 bc
1128 3440 1201 3510 espi-

104 3533 166 3583 ανον
183 3532 216 3598 by
237 3529 278 3582 tho
296 3545 371 3580 orons
385 3530 420 3598 os
436 3528 476 3582 tho
490 3528 570 3581 whole
584 3528 677 3581 world„
714 3527 829 3581 Jeromo
847 3543 918 3597 says,
939 3541 975 3579 on
996 3524 1099 3579 Daniel
1113 3542 1138 3582 v.
1160 3524 1202 3580 As

105 3617 167 3685 tono
187 3633 218 3667 as
233 3614 274 3667 tte
293 3614 388 3668 sacred
404 3613 493 3667 omen
514 3610 560 3680 [oi
571 3613 620 3668 the
640 3609 786 3679 Hebrews]
806 3630 873 3667 were
892 3613 977 3666 intio
994 3612 1154 3682 idolumple
1170 3620 1201 3666 ot

103 3701 237 3771 Babylon,
252 3699 316 3753 ooo
325 3716 382 3753 was
393 3709 440 3753 not
451 3716 549 3770 anory,
564 3697 631 3773 (sor
639 3701 697 3771 they
708 3699 764 3753 still
775 3700 872 3753 nomed
883 3707 908 3751 to
921 3698 949 3752 bs
960 3698 1065 3752 devoted
1076 3706 1101 3751 to
1113 3697 1201 3752 divine

103 3788 227 3857 worship,
251 3786 349 3854 though
369 3786 558 3856 accompanied
574 3786 639 3839 with
657 3786 796 3856 pernmed
811 3781 964 3855 ορίπίοννς)
986 3785 1032 3838 bnt
1047 3784 1122 3856 oster
1142 3784 1200 3836 that

103 3874 161 3942 they
180 3889 248 3926 wera
265 3871 386 3941 pottood
399 3872 432 3942 by
447 3872 549 3924 hamon
565 3888 631 3934 asa,
653 3872 694 3924 tiso
713 3871 884 3941 punishment
903 3869 1079 3939 straightway
1088 3868 1200 3941 follows

103 3960 144 4011 tin
159 3958 293 4026 sacrilege.

156 4041 312 4111 Augustino
326 4040 421 4094 thinks
440 4041 503 4095 that
524 4040 573 4094 tho
590 4041 701 4094 Roman
716 4038 831 4110 Empire
850 4053 906 4091 was
927 4033 1061 4090 issourod
1074 4033 1113 4105 by
1128 4032 1200 4096 (iod,

102 4127 232 4183 because.
245 4124 354 4195 though
372 4124 448 4180 their
466 4125 584 4195 religion
604 4140 659 4177 was
677 4123 756 4187 false,
772 4122 841 4193 they
855 4136 927 4176 were
942 4122 971 4173 in
986 4124 1098 4174 emnost
1112 4117 1200 4172 about

103 4212 165 4275 it*;
185 4209 242 4263 and
264 4225 294 4262 as
316 4209 480 4263 Lactantius
500 4225 572 4279 says,
588 4206 657 4278 they
677 4205 744 4260 held
762 4213 792 4261 to
810 4204 860 4260 the
882 4205 959 4259 mein
981 4204 1052 4275 duty
1072 4203 1105 4258 oi
1124 4219 1199 4267 man,

146 4359 160 4384 ¹
176 4356 314 4417 Augustius
323 4370 377 4416 says
388 4356 442 4402 thst
456 4357 498 4402 the
507 4356 602 4402 Roman
613 4356 711 4415 Empirs
722 4368 771 4400 was
786 4352 901 4399 issoured
915 4352 946 4412 by
961 4350 1039 4397 dirius
1050 4349 1196 4396 Providonco

102 4449 134 4482 on
144 4437 247 4480 account
256 4432 283 4478 oi
294 4432 358 4478 their
368 4431 422 4479 civil
433 4431 531 4489 amoos,
555 4430 593 4479 De
604 4429 676 4477 Cioit.
686 4429 745 4490 Dei,
758 4428 811 4477 Lib.
823 4442 848 4475 v.
859 4441 880 4474 o.
891 4429 930 4475 lt.
953 4426 978 4474 J.
990 4425 1019 4472 B.

204 4546 387 4652 [eonio
