3000 5062
131 305 198 359 cir.
212 298 294 372 xx]
576 304 628 357 nu
651 303 787 357 rorum.
1172 298 1234 361 295

129 466 288 542 familiam,
303 463 388 551 eujus
404 464 640 532 fundamentum
656 474 704 533 est
722 464 969 532 matrimonium:
990 473 1148 554 postrema
1164 491 1236 555 quaa

130 588 183 632 res
198 564 336 653 singulas
352 563 535 650 expetibiles
557 573 686 652 spectat,
704 566 771 632 aive
795 565 913 632 directe
929 565 1152 645 subtrahendo,
1170 567 1235 634 sive

132 664 203 730 dolo
221 663 301 729 male
318 685 441 728 causam
458 664 561 729 dando
576 664 690 730 damni.

208 766 229 828 2
264 765 398 828 Possunt
420 762 488 829 hmo
511 763 579 850 ipsa
601 764 742 830 subtilius
767 763 875 842 dividi,
893 765 950 831 sed
974 785 1066 850 quem
1083 764 1234 833 indicaui·

132 886 201 929 mus
217 862 357 929 ordinem
378 863 465 928 Deus
484 862 517 927 in
535 863 683 952 decalogo
706 872 830 961 secutus
851 871 908 931 est.
960 865 1044 930 Nam
1067 881 1235 952 parentum

132 961 265 1039 nomine,
281 961 335 1048 qui
357 961 517 1028 naturales
542 970 615 1029 suut
641 963 854 1051 magistratus,
872 963 966 1029 etiam
994 963 1071 1029 alios
1095 974 1235 1032 rectores

134 1085 192 1151 par
209 1069 258 1127 est
273 1061 415 1150 intelligi,
435 1082 566 1147 quorum
589 1062 758 1128 aucteritas
778 1062 956 1129 societatem
978 1063 1145 1129 humanam
1163 1087 1235 1130 eon·

134 1163 233 1228 tinet:
258 1158 397 1247 sequitur
416 1160 592 1226 interdictio
612 1160 785 1228 homicidii:
811 1162 924 1228 deinde
946 1163 1131 1229 matrimonii
1147 1186 1235 1229 sane·

134 1262 188 1338 tia,
203 1259 342 1326 inhibitis
358 1259 539 1326 adulteriis:
565 1269 632 1325 tum
649 1261 744 1339 iurta,
762 1270 795 1328 et
811 1261 1013 1329 falsimoniae:
1035 1261 1102 1328 leco
1125 1262 1234 1329 ultimo

134 1360 247 1427 delicta
269 1360 522 1426 inconsummata.
573 1360 662 1425 Inter
687 1382 795 1426 causas
815 1369 920 1426 autem
936 1361 1155 1427 abstrahentes
1172 1384 1234 1427 nen

134 1461 228 1526 debet
250 1458 324 1547 poni
349 1468 471 1526 tantum
494 1458 628 1544 qualitas
649 1457 717 1545 ejus
741 1460 824 1546 quod
846 1459 963 1525 directe
979 1460 1025 1537 iit,
1046 1461 1103 1527 sed
1119 1469 1152 1526 et
1168 1460 1234 1548 ejus

133 1559 218 1646 qued
243 1566 421 1625 secuturum
447 1557 609 1645 probabile
634 1568 692 1635 est,
720 1566 758 1625 ut
787 1558 820 1623 in
853 1558 994 1624 incendio
1028 1568 1061 1626 et
1094 1560 1234 1647 perfosso

133 1680 251 1747 aggere
278 1658 447 1725 multorum
472 1679 601 1724 summa)
627 1657 818 1725 calamitates
841 1665 874 1723 et
895 1667 1012 1723 mortes
1034 1658 1128 1725 etiam
1147 1680 1234 1747 spee-

133 1757 238 1824 tandar
254 1766 335 1824 sunt

204 1859 227 1921 3
260 1857 312 1922 Ad
326 1855 517 1944 injustitiam,
535 1877 627 1943 quam
651 1854 828 1945 generalem
845 1877 969 1921 caeream
986 1854 1153 1943 posuimus,
1172 1854 1234 1921 rin-

134 1955 257 2023 tardum
277 1964 310 2022 et
330 1956 416 2022 aliud
435 1955 554 2022 accedit
575 1954 694 2032 vitium,
715 1964 792 2042 puta
807 1954 950 2042 impietas
965 1954 998 2019 in
1014 1964 1170 2042 parentes,
1188 1955 1235 2021 in-

134 2054 310 2121 humanitas
333 2055 366 2120 in
390 2056 589 2143 propinquos,
613 2053 756 2142 ingratus
778 2053 898 2119 animus
923 2052 956 2119 in
979 2054 1141 2132 beneficos,
1164 2077 1235 2141 qua

133 2163 251 2244 augent
279 2153 434 2222 delictum.
481 2153 624 2241 Apparet
652 2174 776 2239 queque
803 2152 902 2239 major
930 2152 1070 2240 pravitas
1095 2154 1140 2219 'si
1166 2155 1235 2241 quis

133 2328 168 2375 wis
178 2329 251 2387 videt,
260 2330 358 2376 omuino
367 2331 398 2377 ad
408 2344 467 2387 rem,
478 2331 508 2377 de
515 2344 564 2390 qua
570 2330 659 2391 ngttm,
754 2339 763 2364 ¹
779 2330 867 2391 Siquis
873 2329 960 2389 ισμίιιι
967 2328 1079 2391 deliquit]
1092 2329 1236 2390 Τὸμὲνγιῖρ

133 2402 199 2450 iacit
229 2404 528 2453 Auetorwoluaratdieere
541 2406 566 2451 in
575 2404 660 2451 Marci
709 2405 836 2467 ἀγνοῆσαι
844 2422 911 2451 ποτε
920 2406 956 2451 τιν’
965 2403 1033 2451 και-α’
1041 2405 1089 2451 τὸν
1097 2405 1155 2463 βίον
1164 2406 1237 2452 ἐστὶν

133 2477 227 2524 corbin
249 2478 292 2524 sed
307 2478 464 2538 incogitantia
479 2479 589 2539 quadam,
606 2484 660 2525 orta
709 2480 850 2539 α’νθρσῖτον·
860 2479 892 2526 τὸ
902 2480 928 2525 dl
938 2478 981 2526 ieri
991 2483 1046 2525 reis
1055 2480 1142 2526 αὐτοῖς
1150 2478 1235 2539 πράγ-

133 2552 297 2601 oxadfinitate
306 2554 660 2614 nominumismilisrium,qui-
710 2573 773 2616 μασι
797 2553 933 2602 τλιονάκιι
958 2553 1120 2613 ἁμαρτάνειν,
1144 2553 1235 2601 τέλσον

134 2628 179 2674 bns
188 2629 236 2675 duo
246 2630 407 2692 Evangelistoe
416 2631 531 2690 pudent,
543 2632 582 2677 rel
592 2631 659 2677 Auc-
711 2630 878 2690 ἐξεστηκότος
887 2634 943 2676 τοῖς
952 2628 1095 2689 λογισμοῖς·
1113 2627 1165 2688 ὅσῳ
1183 2626 1234 2688 γάρ

134 2708 174 2751 tor
191 2704 251 2765 ipse,
269 2705 308 2751 vel
328 2706 479 2766 Exscriptor,
499 2706 589 2752 Lucam
614 2719 659 2766 pro
710 2705 830 2751 πλείοσιν
847 2701 1014 2761 ἐλαττώμασι
1036 2701 1235 2760 πιριποπτῶκα-

134 2780 218 2827 Marco
228 2782 297 2827 nohis
306 2782 454 2839 obtulerunt,
464 2787 492 2829 ut
501 2784 591 2829 habent
602 2783 660 2829 lidi·
710 2798 763 2835 μιν,
778 2780 892 2838 τοσούτῳ
907 2777 1018 2838 μείζονος
1030 2777 1152 2838 τιμωρίας
1168 2776 1236 2837 ἄξιοι

133 2854 211 2901 tiones
220 2856 273 2901 rive
284 2856 393 2903 Auctore
403 2857 427 2901 in
438 2856 514 2903 lucem
526 2857 625 2913 emissas,
634 2861 660 2903 et
710 2858 800 2913 τυχεῖν
810 2853 961 2913 ὐπᾰρχομιν
974 2851 1105 2911 aliquande
1114 2852 1237 2911 iquorem

133 2929 175 2975 illa
187 2930 259 2976 etiarn
273 2930 331 2976 anni
344 2931 413 2981 lotii.
429 2935 485 2991 pest
500 2932 593 2979 obitum
608 2930 659 2991 ejus
711 2928 775 2988 qued
785 2929 834 2974 rita
843 2928 931 2987 eripui,
945 2926 1046 2973 heminis
1055 2932 1103 2973 ert:
1120 2931 1146 2973 at
1156 2927 1181 2973 ιἰι
1191 2927 1235 2973 iis-

133 3004 219 3063 prima.
248 3006 275 3054 J.
285 3006 331 3068 B.]
710 3001 763 3048 dm
779 3002 847 3049 rebus
863 3002 951 3060 soepiuc
966 3000 1087 3058 αισιτιινσ,
1104 3006 1184 3048 ονιοια
1202 3006 1236 3048 ιιι

135 3270 169 3309 or
178 3253 218 3325 by
228 3251 385 3324 producing
399 3249 518 3320 damage
531 3245 655 3317 through
669 3262 765 3316 wrong
779 3245 874 3316 doing.

189 3345 207 3392 2
236 3337 328 3391 These
342 3340 459 3388 matters
473 3334 563 3404 might
584 3333 621 3387 be
642 3330 755 3386 dirided
773 3347 852 3385 more
872 3328 1001 3400 subtilly3
1017 3329 1070 3384 but
1085 3330 1134 3385 the
1151 3332 1236 3388 order

135 3422 227 3476 ulrich
239 3438 281 3474 we
295 3420 366 3473 hare
380 3419 522 3473 indicated
534 3420 557 3472 is
569 3417 632 3473 that
646 3414 737 3470 which
752 3415 816 3470 God
830 3415 881 3470 has
895 3414 1025 3470 followed
1039 3416 1070 3468 in
1083 3415 1133 3471 the
1144 3418 1235 3472 Deca-

137 3508 228 3575 logue.
259 3503 334 3571 [The
345 3503 410 3557 iiith
422 3504 649 3557 commandment
662 3502 787 3557 includes
801 3501 892 3557 duties
904 3508 934 3556 ιο
946 3500 1126 3571 governors];
1138 3503 1184 3557 ier
1196 3503 1236 3577 bp

137 3590 187 3647 the
209 3606 292 3644 name
306 3589 340 3643 ef
358 3595 481 3660 parents,
495 3588 557 3645 who
572 3604 621 3644 are
639 3589 751 3643 natural
771 3588 957 3659 magistrates,
971 3587 1053 3643 ether
1066 3589 1156 3644 rulers
1175 3588 1234 3645 also

136 3681 213 3732 must
223 3676 260 3732 be
274 3675 460 3731 understood:
484 3675 553 3730 then
567 3674 675 3730 follows
686 3674 736 3729 the
747 3675 928 3729 interdietien
941 3674 974 3727 ei
985 3674 1143 3741 homicide:
1164 3675 1234 3731 then

137 3762 186 3818 the
197 3764 323 3818 sanction
335 3763 369 3819 oi
377 3763 546 3836 matrimony
557 3762 594 3834 by
606 3762 656 3817 the
667 3761 839 3832 prohibition
852 3760 885 3815 ei
895 3761 1042 3833 adultery;
1060 3762 1130 3817 then
1141 3761 1217 3818 theit
1224 3781 1233 3828 3

136 3850 205 3905 then
219 3850 289 3904 false
303 3851 429 3913 witness:
446 3849 476 3902 in
488 3848 537 3904 the
547 3849 603 3903 last
614 3849 703 3919 place,
715 3848 772 3902 sins
786 3848 1046 3902 uncousummated.

192 3935 305 4005 Among
316 3935 364 3990 the
376 3934 560 4005 withholding
571 3951 676 3997 musea,
689 3933 778 4004 ought
792 3939 822 3987 ιο
834 3933 871 3986 be
884 3938 946 4002 put,
959 3939 1010 3985 net
1022 3932 1089 4001 only
1103 3930 1153 3985 the
1167 3931 1235 3985 cha·

136 4025 229 4074 raeter
240 4020 274 4074 oi
290 4019 354 4075 that
367 4019 457 4074 which
472 4021 495 4075 is
510 4020 628 4090 direetly
640 4019 722 4082 dene,
737 4019 790 4071 but
804 4017 837 4071 oi
849 4016 911 4070 that
925 4016 1015 4069 which
1027 4016 1084 4068 will
1096 4014 1235 4087 probably

135 4105 245 4159 follow:
265 4122 296 4159 as
310 4107 340 4159 in
354 4106 458 4177 setting
472 4106 524 4160 tire
538 4111 567 4160 ιο
583 4121 601 4158 a
614 4103 710 4166 house,
725 4117 758 4157 or
777 4100 913 4171 breaking
927 4100 1009 4154 down
1028 4116 1047 4153 a
1065 4100 1140 4165 darm
1154 4106 1235 4172 great

136 4190 277 4262 enlamity,
292 4190 348 4243 and
363 4206 434 4244 eren
448 4189 557 4253 deaths,
571 4205 620 4243 are
635 4194 666 4241 ιο
680 4187 717 4241 be
732 4185 834 4240 looked
847 4185 901 4239 ior.

189 4283 206 4331 3
235 4277 278 4331 Το
289 4275 339 4329 the
352 4276 482 4344 injustiee
494 4274 583 4328 which
593 4289 634 4327 we
642 4277 695 4343 put
702 4288 734 4325 as
745 4270 795 4324 the
805 4270 921 4341 general
932 4285 1024 4334 cauae,
1033 4268 1113 4324 there
1122 4271 1145 4325 is
1154 4272 1235 4327 often

133 4362 227 4417 added
241 4376 319 4417 some
333 4360 415 4415 other
433 4361 503 4425 rice,
522 4376 553 4414 as
570 4358 687 4430 impiety
704 4355 825 4413 towards
846 4362 970 4429 parents,
995 4355 1172 4429 inhumanity
1189 4368 1234 4413 to·

133 4448 223 4503 warda
231 4446 410 4520 neighbours,
422 4444 593 4517 ingratitudo
604 4442 725 4501 towards
733 4442 926 4508 benefactore:
937 4441 1028 4499 which
1036 4441 1175 4501 increases
1183 4443 1235 4501 the
