3000 5062
98 530 169 587 Car.
184 527 283 599 xnt]
468 530 522 585 DE
543 532 833 589 JUREJURANDO.
1159 524 1201 588 93

97 694 132 761 in
144 693 356 782 eonjuretione
369 694 613 761 decemvirorum
627 696 667 763 de
679 696 838 783 republica
850 694 1036 783 occupanda.
1065 697 1200 763 Senecas
1215 715 1279 801 ihi
1286 718 1329 759 oa

317 815 455 870 Proestare
472 815 566 870 fateor
581 832 663 888 posse
680 832 727 870 mo
745 816 861 870 tacitam
877 815 987 881 fidem,'

318 901 350 955 Si
367 902 474 957 scelere
491 906 601 956 anteat:
624 902 739 956 interim
753 902 844 956 soelus
862 908 905 956 est
921 900 1000 956 fidos.

102 998 167 1065 Ubi
192 999 324 1065 interm
343 998 429 1064 velet
453 1001 625 1064 interdum.
672 998 878 1063 Ambrosius:
906 1009 952 1062 eet
977 1000 1062 1064 anim
1088 1013 1203 1067 cantra
1217 1017 1364 1069 vac-tenu·

100 1102 236 1184 officiam
257 1120 486 1184 nonuunquam
506 1099 625 1164 salvere
643 1101 849 1184 promineant,
871 1112 1111 1163 sacramentum
1133 1123 1203 1167 cas-

102 1201 213 1265 todira
265 1196 500 1285 uAugustinus:
532 1199 563 1262 si
597 1200 644 1261 ad
666 1209 839 1282 peceatum
865 1199 1100 1262 admittendam
1117 1200 1204 1282 fides

101 1298 303 1374 exhibeatur,
328 1299 452 1361 miram
471 1307 518 1362 est
539 1298 570 1362 si
583 1298 670 1381 fides
690 1297 886 1381 appellatur.
930 1293 1019 1361 Idem
1039 1296 1130 1362 dooet
1152 1320 1203 1363 se-

102 1394 205 1460 eundo
220 1396 264 1460 ad
279 1394 528 1481 Amphilochium
544 1395 687 1459 Basilius.

179 1495 253 1560 Vll.
294 1496 314 1558 1
349 1495 415 1559 Imo
435 1493 556 1560 etiamsi
572 1516 623 1559 res
645 1515 716 1579 queo
730 1494 922 1581 promittitur
944 1494 1063 1564 nonsit
1084 1495 1201 1574 illicite,

102 1595 159 1661 sed
175 1593 293 1680 ‘majus
312 1592 426 1659 bonum
449 1592 567 1658 morale
588 1592 768 1679 impediens,
792 1594 835 1659 sio
857 1616 980 1682 quoque
1002 1617 1064 1661 nou
1085 1597 1202 1663 valebit

98 1692 337 1781 jusjurandumz
364 1692 438 1778 quia
462 1690 577 1757 scilieet
599 1690 773 1778 proiectum
791 1692 824 1757 in
847 1694 928 1760 bono
952 1698 1021 1761 Deo
1043 1696 1201 1773 debemus,

103 1794 148 1859 ita
168 1803 204 1859 ut
220 1792 287 1878 ejus
303 1791 482 1857 libertatem
501 1790 624 1877 eripere
640 1791 729 1855 nobis
749 1791 823 1878 ipsis
843 1816 904 1858 non
925 1794 1091 1862 valeamus.
1127 1795 1202 1861 Huo

103 1890 239 1979 pertinet
255 1890 385 1979 insignis
394 1889 461 1976 ejus
472 1911 563 1975 quem
580 1889 645 1954 dixi
662 1889 800 1955 Philonis
812 1892 835 1956 J
837 1891 917 1957 udaei
929 1893 1023 1970 loeus,
1039 1916 1131 1980 quem
1148 1895 1202 1959 ad·
1218 1904 1334 1961 voum

104 1992 240 2057 scribere
251 2012 314 2055 non
326 1988 466 2078 pigebit:
484 1987 548 2057 εἰσὶ
562 1980 586 2054 d
601 1989 631 2056 οἱ
643 1985 705 2069 τήν
715 1985 816 2084 φύσιν
826 1985 956 2072 ἄμικτοι
970 1994 1021 2060 καὶ
1033 1989 1203 2074 ἀκοινώνη-

104 2119 157 2159 τοι
173 2083 209 2157 δι’
226 2085 421 2181 ὑπερβολὴν
441 2088 684 2179 μισανθρωπίας
701 2084 898 2177 γεγονότες,
917 2086 936 2170 ἢ
959 2096 1010 2159 καὶ
1028 2087 1080 2159 ὑπ’
1097 2089 1202 2184 ὀργῆς

105 2193 157 2257 οἷα
177 2190 331 2282 χαλεπῆς
353 2181 524 2269 δεσποίνης
545 2182 795 2272 ἐκβιασθέντες,
816 2182 901 2280 ὅρκῳ
924 2187 985 2269 τὴν
1005 2186 1202 2280 ἀγριότητα

106 2289 306 2356 πιστοῦνται
323 2289 389 2353 τῶν
409 2283 504 2367 ἠθῶν,
522 2285 638 2355 οἵτινες
657 2279 694 2353 οὕ
713 2292 818 2379 φασιν
838 2283 1072 2380 ὁμοτράπεζον
1090 2284 1109 2369 ἦ
1126 2285 1203 2366 ὁμό-

104 2392 214 2481 ροφον
238 2382 321 2475 ἕξειν
337 2383 397 2454 τόν
420 2378 519 2462 δεῖνα,
546 2379 685 2464 ἢπᾶλιν
702 2388 752 2473 τῷ
778 2378 852 2452 dervi
869 2380 911 2465 μή
936 2385 1090 2479 παρέξειν
1115 2386 1205 2482 ὠφέ-

104 2484 198 2556 λειάν
212 2515 286 2553 τινα
300 2480 319 2566 ἢ
333 2480 410 2577 παρ’
425 2480 546 2552 ἐκείνου
559 2481 634 2552 τινὰ
647 2481 834 2577 λήψεσθαι,
848 2483 901 2551 καὶ
915 2483 1016 2578 μέχρι
1031 2492 1204 2569 τελευτῆς·

104 2598 179 2654 suat
202 2587 339 2672 quidam
355 2587 437 2650 adea
459 2588 543 2651 duro
562 2596 660 2670 atqua
681 2586 869 2650 insociabili
885 2587 1022 2669 inparia,
1046 2590 1113 2653 siaa
1132 2591 1207 2655 odio

47 2680 51 2687 ’
105 2688 242 2751 humani
267 2686 405 2770 panaris,
433 2686 501 2749 sive
526 2687 615 2748 dara
641 2685 775 2749 domina
798 2685 979 2749 iracundia
1004 2687 1142 2761 subacti,
1170 2699 1207 2752 nt

105 2808 234 2850 moram
240 2785 415 2868 feritatem
425 2784 644 2866 jurejarando
660 2785 834 2866 obfirment,
850 2796 886 2848 at
903 2806 942 2849 aa
963 2786 1048 2850 Ιιααο
1066 2787 1208 2851 habeant

106 2906 221 2950 marsa
236 2893 296 2948 aut
307 2884 383 2947 teeti
397 2884 531 2957 sociam,
549 2903 591 2946 aa
601 2883 656 2946 itti
667 2884 740 2947 heae
754 2904 898 2967 rtaqaam
906 2886 1054 2967 faciant,
1072 2907 1111 2951 ae
1127 2887 1209 2971 qaid

106 2985 150 3047 ab
167 3005 202 3049 eo
218 2986 264 3048 ad
277 2992 411 3046 mortem
424 3004 523 3066 usqae
540 2983 715 3065 αοαίριῗαιιι.
754 2981 845 3057 Quod
865 2981 909 3046 ait
918 2984 1042 3066 jurasse
1058 2986 1209 3069 quosdam

107 3084 167 3147 yne
188 3082 260 3147 huie
277 3079 328 3146 vel
347 3078 394 3143 illi
414 3101 552 3166 unquam
576 3079 656 3145 bene
677 3078 825 3155 facerent,
847 3078 879 3144 id
903 3081 1032 3147 Hebroei
1057 3083 1210 3148 vocabant

107 3193 205 3251 rum
224 3193 300 3257 Ἢ),
326 3177 358 3242 id
382 3190 438 3255 est,
466 3173 566 3271 εὐχὴν
592 3174 765 3270 ὠφελείας,
792 3202 897 3244 vocem
918 3183 958 3245 de
984 3183 1210 3264 barafiaeatia:

109 3265 216 3349 lidii)
232 3290 310 3359 patr
328 3278 403 3342 Lev.
415 3302 444 3343 r.
457 3280 487 3343 6.
523 3276 625 3362 Hujus
642 3277 776 3342 formula
791 3277 986 3343 tradentibus
1003 3279 1210 3344 Hebraeorum

107 3375 266 3464 magistris
282 3384 351 3440 erat
362 3388 416 3445 oo
429 3386 548 3447 τατατ
561 3388 615 3446 πο
627 3363 668 3445 bs
682 3388 773 3462 unp,
790 3383 846 3441 aut
857 3362 887 3447 t
900 3388 984 3446 ιιι-α
999 3386 1108 3446 suso
1121 3390 1209 3463 unp,

107 3533 173 3593 apud
182 3533 284 3579 Psulnm
295 3532 454 3588 Wnrneiredi‚
464 3532 517 3580 Lib.
528 3546 556 3579 ιι.
568 3533 635 3580 eii.
684 3531 792 3577 ciliorum
809 3531 895 3577 Gnlliae
911 3544 1002 3577 annone
1012 3533 1035 3578 7.
1054 3532 1211 3579 llinomnrum

152 3616 165 3640 Ι
179 3606 264 3665 Maius
282 3607 365 3652 bonam
387 3607 476 3652 morale
497 3606 635 3666 impediam]
685 3619 780 3664 quoque
791 3605 855 3650 dioto
870 3605 985 3665 opusculo
998 3605 1029 3650 nd
1040 3605 1211 3664 interrogatio·

109 3682 189 3738 Quale
199 3682 302 3728 Houorii
318 3682 424 3727 dsPace
439 3695 561 3741 nunquam
575 3682 635 3727 inei-
684 3693 739 3724 nem
754 3679 931 3727 multumne
947 3679 1049 3725 divortio
1064 3679 1096 3724 ad
1110 3679 1213 3726 interro.

108 3757 247 3804 endn'oum
268 3757 373 3811 Alarico,
400 3756 496 3800 Zozlmo
516 3760 635 3811 numento,
684 3755 806 3815 gestionem
817 3768 852 3799 vr.
863 3759 888 3801 et
898 3767 954 3800 τιν.

108 3831 324 3891 (Lib.v.onp.49.
348 3829 397 3876 Ed.
411 3829 510 3887 Cellar.)
540 3830 633 3878 Video.
729 3829 793 3874 tNe
807 3829 1211 3891 huicoelilliunquambenesace.

108 3905 173 3949 inter
182 3908 263 3949 cetera
272 3906 311 3951 22.
323 3904 387 3949 diets
397 3902 448 3962 jam
459 3904 601 3962 quastione,
611 3910 636 3953 et
685 3903 747 3964 reat]
764 3904 826 3950 Vide
841 3904 909 3951 Bnbn
924 3906 1009 3962 llnms,
1023 3920 1077 3966 cap.
1088 3919 1126 3952 ix.
1145 3906 1158 3966 ἓ
1174 3910 1212 3956 10.

108 3978 235 4026 concilium
246 3977 388 4025 Hilerdense
402 3978 427 4022 in
444 3980 510 4023 tomo
521 3991 561 4024 111.
578 3992 636 4025 con·
685 3988 711 4028 et
720 3980 753 4027 ibi
764 3984 847 4027 notata
856 3995 871 4027 s
881 3981 1018 4029 doctissimo
1030 3983 1198 4033 Constantino.

108 4183 236 4237 semrirs.
281 4182 320 4237 So
334 4182 451 4247 Seneca,
466 4181 612 4248 Ambroso,
624 4182 789 4255 Augustino,
802 4184 887 4239 Besil.

163 4268 230 4323 VII.
263 4274 277 4323 1
291 4269 371 4324 Eren
382 4270 409 4323 if
415 4268 464 4324 the
477 4269 558 4341 thing
569 4270 709 4342 promised
721 4270 757 4324 be
770 4275 821 4324 not
835 4269 978 4334 unlnwful‚
987 4270 1039 4323 but
1053 4269 1214 4341 something

109 4353 255 4425 impeding
265 4371 284 4409 n
297 4362 410 4425 greater
421 4356 510 4410 moral
523 4355 607 4426 good,
615 4354 665 4410 the
676 4354 744 4409 ooth
755 4354 811 4407 will
820 4360 870 4407 not
882 4354 919 4407 be
927 4354 1017 4408 velid:
1037 4354 1158 4409 beonuso
1171 4371 1214 4409 we

109 4455 159 4494 are
168 4440 264 4495 bound
273 4440 311 4512 by
321 4440 385 4495 God
394 4448 424 4495 to
436 4442 493 4494 nim
505 4448 535 4495 at
547 4457 564 4494 a
576 4440 664 4494 morel
673 4454 818 4509 progress3
838 4453 871 4492 so
885 4437 947 4491 thot
957 4454 999 4492 we
1013 4455 1078 4510 may
1085 4445 1135 4492 not
1148 4439 1215 4494 take

108 4524 167 4579 this
178 4524 282 4598 liberty
293 4525 342 4581 ior
352 4526 501 4582 oureblves.
540 4526 579 4580 So
598 4524 682 4579 Philo
693 4523 817 4587 indueus,
832 4521 866 4577 of
874 4538 990 4592 persons
1001 4523 1064 4578 who
1076 4524 1106 4577 in
1119 4540 1214 4597 anger,

109 4610 160 4665 tro.
175 4626 265 4666 sweer
275 4610 339 4667 thst
351 4611 419 4683 they
430 4611 486 4665 will
498 4617 549 4667 not
563 4610 672 4681 change
686 4608 761 4665 their
772 4607 874 4672 minds,
886 4607 968 4662 ordo
978 4609 1053 4681 good
1064 4615 1095 4665 to
1108 4609 1164 4666 this
1182 4628 1216 4668 or

108 4694 173 4753 that
184 4712 259 4751 mnu.
296 4696 358 4754 'l'he
372 4696 460 4753 forms
472 4696 506 4752 ot
513 4697 584 4754 sueh
595 4696 677 4752 ootbs
689 4712 774 4752 occur
785 4694 815 4751 in
829 4692 959 4751 Hebreu.
993 4690 1084 4768 [See]
