3000 5062
97 320 165 375 (ier.
179 313 304 386 xm]
326 318 479 375 MONITA
500 320 553 374 DE
575 317 660 375 NON
682 320 838 374 TEMERE
861 319 991 385 ETIAM,
1013 319 1096 376 ETO.
1135 310 1197 373 413

95 492 220 572 pertnm
247 488 303 558 est,
328 479 432 561 stetim
455 488 510 546 aut
537 488 682 567 oportere
707 482 820 547 bellum
847 482 968 568 suscipi,
995 491 1050 548 aut
1077 505 1198 569 semper

96 583 190 650 etiam
207 581 310 646 licere.
356 581 474 645 Contra
495 579 576 644 enim
599 580 712 657 evcnit,
732 591 768 645 ιιι
790 581 972 667 plerumque
996 582 1094 670 magis
1114 582 1198 667 pium

95 690 277 766 rectumque
292 679 332 744 sit
353 678 393 744 de
410 678 483 765 jure
501 700 556 743 suo
578 677 698 743 cedere.
751 679 833 743 Nam
851 690 966 744 nostrae
984 702 1106 766 quoque
1124 681 1197 745 vitae
1211 701 1363 796 ypram

88 802 203 846 curam
224 779 355 843 honeste
379 777 490 852 deseri,
514 787 550 841 ut
570 775 699 842 alterius
715 785 749 843 et
769 777 842 842 ritae
865 786 897 843 et
917 778 1009 843 saluti
1027 788 1195 864 perpetuae,
1209 796 1238 833 ιι

89 887 247 966 ¹quantum
267 877 299 942 in
317 875 404 941 nobis
426 884 484 951 est,
502 875 704 951 consulamus,
726 897 821 962 supra
838 898 893 941 suo
915 877 982 941 loco
1005 877 1195 943 dictumest.

97 977 235 1044 Maxime
251 985 355 1042 sutem
374 974 558 1039 Christianis
579 974 639 1038 hoo
659 975 812 1051 convenit,
832 976 884 1060 qui
904 975 937 1039 in
954 996 990 1040 eo
1012 975 1197 1061 perfectissi-

97 1099 181 1142 mum
198 1073 315 1141 Christi
336 1073 497 1139 imitantur
515 1072 698 1159 exemplum,
720 1073 774 1158 qui
790 1096 848 1160 pro
869 1074 957 1139 nobis
974 1075 1076 1138 adhuc
1097 1075 1198 1161 impiis
1234 1116 1236 1120 -

98 1184 132 1242 et
152 1173 271 1239 infestis
286 1172 365 1237 mori
385 1172 491 1249 voluit,
513 1173 603 1236 Rom.
622 1192 651 1237 ν.
671 1175 701 1237 6.
749 1173 840 1250 Quod
864 1173 963 1259 ipsum
986 1173 1082 1237 multo
1103 1175 1197 1239 etiem

98 1272 198 1361 magis
219 1292 276 1337 nos
291 1271 418 1348 excitat,
441 1293 482 1336 ne
497 1292 549 1336 res
571 1278 694 1335 nostras
710 1281 765 1338 aut
780 1272 868 1337 nobis
889 1272 1009 1337 debitas
1031 1293 1198 1358 persequa-

98 1394 169 1436 mur
195 1392 264 1436 cum
287 1378 376 1436 tanto
401 1370 531 1437 eliorum
560 1369 761 1449 incommodo,
792 1379 941 1457 quantum
963 1392 1066 1436 secum
1092 1373 1199 1439 serunt

98 1470 188 1540 helle.

168 1574 189 1636 2
223 1572 314 1637 ⁸Nou
337 1569 377 1635 ob
397 1567 538 1655 quamvis
560 1589 684 1634 oausam
704 1568 799 1634 talem
820 1569 935 1636 bellum
960 1568 1196 1656 suscipiendum,
1210 1593 1269 1677 3252
1278 1593 1322 1677 ᾖ

98 1677 131 1736 et
149 1669 332 1736 Aristoteles
354 1676 468 1744 monet,
492 1679 525 1733 et
541 1667 699 1755 Polybius.
744 1668 810 1732 Neo
826 1689 846 1731 a
862 1667 1020 1733 veteribus
1040 1669 1198 1733 ¹laudatus
1210 1684 1255 1723 un
1264 1684 1291 1722 iv·
1301 1685 1332 1723 ³1·

98 1768 260 1845 Hercules,
283 1766 367 1852 quod
395 1766 597 1832 Laomedonti
622 1774 655 1832 et
681 1766 797 1852 Augias
825 1787 914 1829 erma
937 1765 1043 1831 intulit
1069 1766 1110 1831 oh
1136 1788 1197 1831 non
1211 1787 1356 1828 ramnes

97 1867 230 1933 solutam
254 1864 369 1931 loboris
393 1865 576 1930 mercedem.
619 1864 702 1928 Dion
724 1864 912 1929 Prusaeensis
933 1863 966 1927 in
985 1885 1023 1928 ea
1048 1865 1197 1943 cretione,

99 1987 170 2052 qum
184 1972 233 2030 est
248 1964 289 2030 de
305 1962 387 2029 bello
404 1972 436 2029 et
452 1985 538 2049 pace,
556 1985 618 2028 uon
633 1964 692 2028 hoo
712 1971 833 2028 tentum
856 1963 901 2028 ait
918 1962 1016 2047 quaeri
1037 1963 1146 2038 solere,
1171 1972 1198 2032 si
1211 1992 1231 2031 n
1241 1982 1302 2026 noo.

102 2061 317 2148 συμβέβηκεν
333 2053 465 2143 ἀδίκημα
484 2058 575 2154 oropoi
594 2057 734 2138 τούτων,
752 2065 795 2133 οἷς
813 2053 1013 2129 διανοοῦνται
1029 2065 1198 2140 πολεμεῖν,

100 2186 146 2228 an
162 2164 290 2247 injurio
302 2174 435 2247 accepta
448 2163 492 2226 eit
503 2164 545 2226 ab
561 2163 621 2238 bie,
638 2163 676 2227 de
692 2163 810 2246 quihus
823 2163 901 2226 bello
912 2164 1062 2246 perendie
1075 2164 1198 2246 opiter,

100 2262 155 2328 sed
177 2261 280 2337 etiam,
305 2254 446 2341 πῆλικὸν
468 2288 509 2326 τε
533 2263 637 2328 τοῦτο
655 2256 878 2346 συμβεβηκός,
896 2263 1013 2345 quanli
1033 2263 1200 2326 ‹aetimare-

46 2398 52 2404 ·
100 2363 182 2426 dum
199 2364 243 2426 eit
260 2362 307 2437 id,
326 2361 411 2442 quod
427 2360 558 2424 accidit.

101 2536 274 2596 ὑπομένοντες,
298 2536 400 2584 dresdu's
422 2553 489 2582 τινες
509 2535 572 2597 ἡμᾶς
593 2536 628 2584 ro*
675 2535 800 2595 Hudscn.)

101 2612 192 2673 νόμιμα
213 2617 289 2660 κινεῖν
309 2612 479 2673 ἀναγκάζωσι,
500 2611 565 2658 τότε
585 2612 625 2658 καὶ
722 2610 729 2639 ¹
746 2612 793 2658 Sed
803 2625 847 2658 nec
856 2611 1013 2674 vituperatus,
1021 2612 1202 2661 soltemePro-

99 2687 170 2745 παρά
184 2688 286 2746 δύναμιν
301 2685 434 2747 αἱρούμεθα
444 2687 570 2747 πολέμους
585 2686 627 2732 καὶ
675 2699 756 2743 senis,
772 2688 839 2748 cujus
848 2688 915 2735 locus
925 2689 950 2736 in
960 2703 1003 2735 ors
1012 2690 1066 2736 libri
1076 2690 1202 2748 indicatur,

98 2761 173 2822 μέχρι
181 2765 233 2809 τῶν
240 2761 359 2823 ὁσχιίτων
366 2767 424 2808 ταῖς
431 2767 573 2821 συμφοραῖς
581 2761 626 2821 ἐγ·
675 2768 700 2808 et
712 2762 850 2809 ubidicitur
863 2770 966 2822 tentum,
980 2767 1004 2811 in
1015 2767 1057 2812 illo
1067 2767 1130 2813 bello
1142 2767 1202 2812 nihil

99 2837 276 2895 καρτεροῦμεν·
291 2850 363 2895 nepae
378 2837 453 2881 nostri
459 2835 627 2895 fortitudinem
675 2837 744 2881 valde
754 2840 933 2884 memorandum
948 2842 1049 2899 gessisse
1059 2842 1200 2887 Herculems

100 2914 213 2962 recreent,
222 2913 247 2953 ιιι
256 2923 313 2953 suae
323 2922 360 2954 ree
370 2915 478 2968 neqeunt,
485 2911 527 2955 red
533 2915 559 2955 ιιι
565 2910 627 2968 lepee
676 2909 716 2963 Τῷ
726 2909 750 2953 δὲ
759 2908 881 2967 Ἡρακλεῖ
890 2912 954 2968 πρὸς
964 2912 1010 2957 τὸν
1016 2912 1116 2971 Αὐγέαν
1122 2914 1201 2958 πολι·

100 2979 297 3041 {permanes
314 2981 574 3039 cmaiqsmrdomna
583 2981 625 3040 se·
674 2982 771 3039 μοῦντι,
792 2982 860 3027 οὐδὲν
878 2984 990 3043 ὑπῆρχεν
1006 2984 1201 3031 ἀποδείκνυσθαι

100 3059 175 3101 reales
185 3053 274 3107 leniter,
285 3053 325 3097 ubi
335 3056 395 3106 eunt,
407 3053 449 3110 pm'
458 3067 500 3097 noe
510 3066 527 3097 α
537 3053 626 3112 lectius
674 3053 800 3112 λαμπρὸν.
823 3055 897 3101 Forte
907 3056 1002 3114 decepit
1012 3058 1143 3103 Auctorem
1154 3060 1202 3105 tee-

101 3132 186 3188 copant
195 3125 320 3181 discedere,
331 3128 385 3170 tecm
395 3125 466 3169 etiam
477 3139 553 3184 supra
564 3127 626 3172 cim
674 3128 780 3173 timenter
789 3128 919 3187 legentem,
931 3132 974 3174 eut
984 3142 1013 3175 ex
1023 3132 1137 3177 memorie
1147 3131 1201 3179 len·

100 3202 163 3249 bellu
171 3200 290 3255 monimus,
305 3204 327 3244 et
339 3197 374 3245 ael
382 3198 466 3244 ultimo
475 3212 547 3259 usquc
559 3199 625 3245 mola
674 3200 778 3257 dentem,
788 3215 834 3246 vox
843 3201 886 3247 ille
895 3201 1020 3262 λαμπρόν.
1049 3203 1076 3250 J.
1088 3204 1121 3251 B.

100 3275 221 3321 detramur.
252 3271 327 3330 (Peg.
347 3268 399 3316 493.
418 3267 432 3329 ἓ
452 3270 489 3317 47.
514 3269 624 3318 division.

95 3519 164 3575 'And
176 3519 232 3574 this
246 3519 270 3574 is
284 3518 434 3591 especially
444 3518 565 3574 suitabie
576 3524 607 3574 to
619 3537 637 3575 a
651 3519 813 3577 Christian’s
825 3521 985 3589 character3
1000 3524 1062 3582 who
1074 3528 1103 3582 in
1116 3529 1201 3603 doing

100 3606 164 3670 this,
179 3605 302 3659 imitatos
314 3604 363 3659 the
374 3605 484 3676 perfect
493 3607 621 3678 example
635 3606 669 3660 of
681 3607 783 3672 Christ,
798 3609 860 3663 who
873 3627 927 3665 was
938 3611 1040 3684 willing
1052 3620 1082 3669 to
1094 3615 1140 3670 die
1154 3616 1201 3672 for

99 3708 133 3746 us
147 3690 228 3745 when
243 3708 284 3745 we
302 3705 375 3745 were
393 3696 441 3761 yet
460 3692 585 3763 ungodly
602 3693 658 3747 and
676 3692 786 3751 hostile.
825 3694 927 3751 Which
946 3698 970 3752 is
988 3715 1006 3752 a
1022 3716 1123 3757 reason
1136 3703 1201 3775 why

99 3794 141 3832 we
152 3776 254 3832 should
266 3783 316 3832 not
330 3783 478 3849 prosecute
493 3794 545 3832 our
562 3778 652 3850 rights
666 3794 699 3834 or
716 3797 768 3835 our
782 3781 851 3836 dues
869 3787 899 3836 to
917 3783 966 3838 the
984 3785 1202 3844 inconvenience

100 3862 133 3916 oi
145 3862 249 3927 othors,
263 3869 293 3917 to
308 3879 340 3917 so
354 3868 434 3933 great
449 3879 486 3917 an
501 3870 597 3918 extent
611 3882 641 3918 as
656 3882 713 3919 war
724 3868 875 3920 occasions.

152 3952 169 3999 2
191 3946 265 4001 Thot
285 3964 341 4001 war
361 3949 385 4001 is
405 3954 457 4001 not
474 3956 505 4002 to
525 3949 562 4002 be
575 3949 752 4003 undertukeu
766 3951 812 4004 for
829 3967 913 4022 every
933 3951 1002 4005 such
1024 3970 1114 4018 conse,
1131 3953 1202 4009 both

99 4030 234 4086 Aristotle
253 4031 310 4085 end
330 4032 463 4102 Polybius
486 4032 570 4087 teech
590 4049 631 4087 ue.
670 4034 806 4088 Hercules
826 4034 848 4087 is
868 4041 918 4089 not
941 4032 1076 4106 praised*
1094 4038 1132 4108 by
1152 4040 1202 4096 the

99 4117 226 4172 ancients
240 4116 286 4170 for
300 4115 363 4170 thet
381 4115 419 4169 he
438 4116 507 4170 took
526 4133 604 4188 away
623 4116 672 4172 tbe
689 4134 763 4172 arms
781 4118 815 4172 of
829 4119 993 4174 Laomedon
1014 4121 1201 4194 andilagine,

99 4202 219 4258 because
240 4200 309 4271 they
327 4200 377 4253 did
394 4206 445 4254 not
462 4218 517 4272 pay
537 4201 597 4255 him
618 4202 664 4257 for
679 4202 722 4256 his
738 4201 845 4257 labour.
882 4205 938 4259 Dio
953 4207 1123 4262 Prusaeensis
1138 4225 1201 4281 says

99 4287 162 4343 that
174 4287 223 4341 the
234 4286 363 4358 question
378 4286 401 4339 is
415 4291 446 4339 to
460 4286 497 4340 he
509 4286 603 4351 selred,
618 4293 669 4342 not
683 4287 751 4358 only
764 4288 892 4343 whether
905 4306 941 4343 an
956 4292 1048 4362 injury
1062 4292 1113 4348 has
1128 4294 1201 4350 beon

124 4430 138 4457 '
153 4430 203 4477 But
213 4428 307 4478 neither
316 4428 336 4476 ie
345 4429 376 4495 he
385 4428 488 4487 blamed,
498 4432 525 4476 et
534 4429 595 4476 least
605 4429 629 4476 in
639 4429 681 4477 the
691 4443 792 4492 pessege
801 4429 829 4478 ot
837 4431 968 4480 Pausaniae
979 4435 1078 4494 quoted.
1104 4435 1130 4483 J.
1137 4435 1166 4484 B.
