3000 5062
293 269 359 335 324
738 279 790 334 DE
812 279 949 335 POENIS.
1270 276 1345 346 [lun
1359 278 1404 337 11.

297 442 403 530 “apud
420 464 526 509 omnes
541 441 640 509 ferme
652 463 730 528 qnos
745 441 887 508 norimus
903 439 1044 529 populos,
1057 461 1116 528 per
1131 439 1205 507 tot
1192 462 1259 528 Ιιιιιιι
1274 440 1401 516 smenln,

136 560 260 603 mna
301 551 492 608 conservetae
516 551 598 608 sunt
645 542 729 607 Hinc
754 541 942 628 Pomponius
969 562 1047 629 erge
1077 541 1181 606 Deum
1214 539 1403 628 religionem

137 608 312 708 ire-'effi'
266 665 364 730 Jurr
353 641 521 707 asser-ibit
539 640 698 729 gentium.
722 649 755 705 et
776 641 860 726 apud
886 639 1134 726 Xenophontem,
1152 640 1300 705 Socrates
1324 633 1404 712 τούς

136 716 259 754 ‘mm
304 738 393 810 decbr
416 736 542 826 σέβειν,
565 743 653 807 Dece
681 741 781 805 colere
808 741 906 824 leyen
931 761 995 805 eeee
1020 738 1075 815 eit,
1097 759 1167 823 qum
1188 737 1274 825 cpud
1294 759 1404 803 omnes

303 841 443 906 homines
460 840 584 905 relect:
601 838 685 924 quod
696 847 728 904 et
740 837 848 903 Cicero
861 846 927 903 tum
944 841 985 903 de
1000 839 1141 903 Natura
1157 840 1305 903 Deorum
1320 836 1403 901 libro

139 956 229 1004 cunm
303 940 413 1026 primo,
430 947 496 1004 tum
513 938 648 1004 secundo
665 937 705 1003 de
726 935 904 1002 inventione
919 936 1061 1001 affirmet
1108 934 1193 1001 Dion
1209 934 1404 1001 Prnsaeensis

137 1002 226 1110 me
304 1039 445 1105 oratione
474 1060 534 1103 xu.
563 1044 653 1102 vocat
677 1030 850 1125 δξαν
798 1066 850 1104 και
878 1031 1023 1158 ε’πῖνοιαν
1050 1038 1138 1130 κοινῆ
1167 1064 1228 1104 του
1255 1031 1403 1122 ξύμπαν·

306 1166 365 1207 τος
394 1134 601 1228 ἀνθρωπίνου
632 1131 759 1220 pivone,
788 1131 901 1217 ὁμοίως
928 1130 990 1211 μὲν
1013 1129 1195 1217 Ελλήνων,
1223 1126 1400 1215 ομοίωςδ
1385 1163 1402 1201 e

304 1231 554 1328 βαρβάρων,
531 1235 718 1324 ava'ynaiav
743 1264 796 1301 nar
789 1229 1014 1326 εμφυτον
998 1262 1034 1300 εν
1061 1236 1164 1304 παντί
1191 1236 1240 1320 τῷ
1269 1235 1402 1322 λογικῷ

303 1329 477 1423 ’γινομένην
498 1362 585 1402 κατα
577 1329 727 1426 φύσιν·
747 1336 992 1449 permtaeionem
1017 1355 1088 1415 quw
1110 1336 1193 1400 insit
1211 1334 1401 1399 bominibus

304 1436 513 1499 communiter
541 1434 698 1505 omnibns
726 1454 790 1497 non
817 1434 925 1498 minas
950 1434 1103 1497 barbam
1133 1455 1234 1518 quam
1260 1433 1401 1508 Graeie,

303 1535 521 1599 necessariam
549 1553 591 1597 ae
616 1532 803 1596 naturalem
831 1534 957 1598 eunetis
981 1533 1108 1597 ratione
1134 1533 1310 1597 utentibus.
1357 1532 1404 1598 nt

303 1630 504 1719 paulopost·
529 1625 614 1699 πάνυ
638 1626 783 1722 ἰσχυραν
802 1630 854 1698 καὶ
881 1627 1016 1698 αὲνναον
1033 1626 1070 1697 ἐκ
1093 1659 1153 1698 του
1174 1625 1299 1703 noveris
1315 1625 1403 1722 χρό-

304 1759 359 1800 νον
384 1761 436 1799 tat
456 1727 549 1823 παρὰ
572 1725 654 1797 πάσι
683 1731 752 1801 Τοῖς
780 1723 907 1798 gonew
935 1725 1118 1821 ἀρξαμθνην
1146 1758 1188 1797 ΤΕ
1212 1759 1264 1797 Καί
1255 1721 1404 1808 &aldea

187 1892 190 1896 .
305 1849 434 1899 νουσαν·
454 1832 700 1915 persuasionem
716 1830 812 1899 rabie
824 1831 990 1894 robustam
1006 1850 1048 1894 ac
1063 1831 1292 1914 senpiternam
1308 1830 1404 1913 apud

303 1951 409 1995 omnes
439 1941 548 2014 centes
576 1941 607 1995 et
642 1940 779 2013 captam
813 1939 844 1993 et
871 1939 1121 2012 permanentem
1172 1928 1353 2013 Xenophon
1368 1928 1403 1992 in

137 2041 223 2090 cantv·
234 2041 283 2090 ta·
307 2030 462 2095 Convicio
479 2036 511 2092 et
529 2027 656 2093 Greecos
676 2036 709 2091 et
731 2024 882 2093 barbaros
902 2026 949 2092 ite
968 2025 1014 2092 nit
1036 2025 1222 2105 existimare,
1238 2035 1316 2091 note
1332 2048 1403 2093 esse

301 2126 372 2191 Diis
388 2135 421 2192 et
437 2125 605 2213 proesentie
621 2134 653 2191 et
669 2125 784 2191 future

377 2227 400 2291 4
434 2226 505 2291 Hes
521 2224 619 2313 igitur
637 2224 764 2290 notities
786 2222 840 2310 qni
856 2222 949 2310 primi
966 2223 1118 2311 incipiunt
1133 2224 1255 2303 tollere,
1270 2224 1352 2291 sicut
1369 2223 1405 2292 in

301 2323 381 2391 bene
398 2324 572 2391 constitutis
593 2322 769 2390 civitatibus
790 2323 927 2388 coerceri
948 2323 1059 2400 solent,
1085 2332 1121 2390 nt
1137 2324 1287 2414 Dingorae
1303 2324 1404 2390 Melie

301 2424 448 2490 cecidisse
468 2422 611 2512 legimns,
635 2431 668 2489 et
692 2421 862 2509 Epicureis,
879 2421 933 2507 qui
958 2444 997 2487 ex
1022 2422 1102 2488 bene
1121 2424 1249 2489 moretis
1270 2424 1406 2489 urbibus

301 2522 392 2608 ejecti
418 2531 501 2599 sunt,
530 2522 591 2587 rite
617 2530 650 2587 et
677 2521 813 2586 coerceri
838 2542 929 2608 posse
950 2520 1089 2588 arbitror
1112 2521 1237 2587 nomine
1254 2523 1405 2589 humanm

342 2703 355 2737 s
369 2693 443 2753 Apud
458 2708 534 2740 omnes
546 2694 625 2754 senne
643 2707 703 2752 quor
721 2693 827 2740 metm
873 2694 963 2741 eredat.
992 2694 1061 2741 Idem
1076 2694 1106 2740 de
1122 2695 1250 2756 Beneficiis
1264 2709 1300 2744 ιν.
1315 2698 1340 2743 4.
1360 2711 1405 2745 nee

295 2767 410 2829 populor]
441 2768 533 2813 Seneca
551 2766 621 2827 epist.
645 2779 728 2812 cxvn.
762 2767 826 2812 Tan·
873 2768 969 2815 nem
975 2768 1087 2829 firrcrnn
1097 2772 1404 2819 oamncmalseeoneen-

299 2843 445 2903 quamDeos
453 2841 826 2902 meinteraiiasiccolliaimur,
872 2841 1404 2909 demtchqmdieurdannminaetinff.

299 2917 364 2977 qnod
372 2917 478 2963 omnibus
487 2917 516 2963 de
525 2918 584 2963 Diis
599 2917 680 2976 opinio
693 2916 766 2961 insita
776 2921 824 2962 eet.-
873 2930 941 2962 eaeee
949 2916 1023 2972 Dece,
1040 2914 1083 2975 dcc.
1113 2918 1184 2964 Adde
1197 2918 1322 2965 Platonem
1336 2921 1404 2968 Pro.

299 3006 341 3039 nec
350 2993 401 3039 ιιΙΙα
410 2990 756 3054 paremquamertadeoeaetra
766 2991 828 3051 leaeo
874 2995 968 3050 maara,
981 2990 1052 3050 (pag,
1062 2993 1116 3038 322.
1137 2991 1207 3040 Tum.
1217 2994 1249 3054 ι.)
1265 2999 1292 3041 et
1306 2995 1403 3044 dommo

299 3082 418 3129 maresque
428 3067 544 3129 praieaa,
559 3072 585 3114 nt
599 3080 646 3114 non
659 3066 754 3127 aliquos
771 3065 827 3111 dees
874 3065 904 3116 de
918 3064 1028 3126 Lenibus,
1043 3066 1111 3126 (pag.
1126 3069 1169 3115 887
1185 3080 1212 3117 n.
1228 3081 1254 3117 ι.
1274 3069 1346 3117 Τοιιι.
1359 3071 1404 3135 ιι.)

299 3309 388 3382 thing.
424 3311 523 3367 Hence
545 3312 719 3387 Pomponius
734 3313 873 3368 describes
893 3312 1012 3384 religion
1027 3313 1146 3369 towards
1166 3314 1231 3369 God
1251 3330 1283 3369 es
1302 3323 1402 3388 opert

300 3398 334 3452 of
341 3397 391 3452 the
404 3397 458 3451 lew
472 3398 505 3454 of
516 3401 644 3465 nations3
659 3400 715 3455 end
728 3401 857 3455 Socrates
871 3399 901 3453 in
915 3399 1077 3470 Xenophon
1088 3416 1150 3471 seys
1161 3399 1224 3455 thet
1236 3405 1265 3455 to
1280 3402 1403 3475 worship

299 3483 349 3537 the
371 3483 449 3552 gods,
469 3484 494 3538 is
516 3500 534 3536 s
556 3486 619 3539 rnle
639 3502 742 3556 among
764 3486 803 3540 ull
825 3501 899 3539 men.
943 3485 983 3541 So
1002 3485 1116 3551 Cicero3
1138 3485 1194 3540 Dio
1211 3486 1404 3554 Pntsreensis3

299 3567 460 3636 Xenophon
474 3569 504 3620 in
516 3568 565 3622 the
580 3570 759 3639 Symposion.

353 3657 371 3702 4
397 3651 552 3706 Therefore
570 3653 650 3707 those
665 3653 726 3707 who
738 3655 799 3709 first
810 3655 895 3726 begin
909 3662 939 3711 ιο
954 3657 1021 3712 take
1034 3674 1111 3728 ewey
1125 3656 1206 3712 these
1219 3658 1403 3725 convictione,

299 3750 331 3789 ns
347 3732 415 3804 they
435 3750 509 3805 may,
526 3736 556 3790 in
576 3738 640 3791 well
658 3739 831 3793 constituted
847 3746 942 3806 states,
963 3743 999 3798 be
1019 3743 1137 3798 coerced
1155 3743 1193 3814 by
1209 3743 1403 3814 punishment,

298 3835 330 3873 cs
349 3834 404 3872 wns
424 3817 498 3874 done
518 3826 548 3874 to
570 3823 707 3892 Diagoras
728 3823 838 3886 Melius,
859 3826 915 3879 end
938 3834 968 3882 to
987 3827 1036 3883 the
1056 3829 1238 3899 Epicuream,
1251 3827 1314 3884 who
1326 3846 1403 3885 were

299 3903 408 3977 ejected
428 3905 502 3960 from
525 3907 744 3978 well-governed
764 3915 867 3974 stntest
895 3927 926 3966 so
950 3930 1015 3984 nmy
1035 3913 1103 3984 they
1124 3914 1161 3969 be
1183 3914 1309 3977 cosmed,
1332 3931 1364 3968 es
1384 3916 1403 3971 1

299 3992 439 4057 conceive,
459 3993 488 4046 in
508 3991 557 4047 the
576 4010 659 4047 neme
671 3993 705 4047 of
715 3994 821 4049 humen
842 3997 955 4068 society,
976 3999 1066 4053 which
1082 3998 1151 4071 they
1165 4000 1268 4054 violate
1281 3999 1405 4056 without

299 4077 435 4148 probeble
458 4094 567 4133 resson.
614 4080 652 4132 So
669 4079 812 4138 Himerius
832 4083 964 4154 pleading
984 4085 1094 4155 against
1109 4085 1264 4156 EpIeurus:
1283 4085 1330 4139 Do
1344 4104 1402 4156 yon

300 4165 360 4218 then
371 4165 488 4218 &mand
501 4165 558 4218 that
576 4182 645 4219 mae
658 4166 788 4221 doctrines
802 4170 830 4222 be
847 4169 1003 4239 pnnnbedi
1030 4171 1076 4240 By
1097 4187 1133 4224 no
1150 4188 1250 4229 necans,
1274 4172 1320 4225 bnt
1343 4173 1405 4226 that

299 4251 408 4321 impiety
418 4250 520 4305 should.
569 4251 634 4305 Men
647 4270 712 4324 may
723 4254 820 4308 deliba
833 4255 977 4314 dactriacus
998 4256 1056 4325 they
1070 4274 1135 4327 may
1148 4265 1195 4310 not
1209 4273 1305 4328 oppam
1314 4257 1399 4328 μίαν.

351 4334 472 4389 XLVII.
519 4342 532 4389 1
562 4337 652 4392 Other
665 4339 759 4409 points
774 4339 806 4394 oi
823 4340 941 4411 religion
956 4356 1005 4394 cre
1019 4347 1069 4395 not
1080 4356 1111 4396 sc
1129 4342 1262 4407 evident3
1284 4359 1323 4407 us,
1337 4343 1402 4398 diet

299 4418 380 4475 there
400 4436 448 4474 ere
474 4428 525 4474 not
548 4440 627 4480 more
650 4425 719 4496 gods
744 4425 814 4480 then
837 4441 908 4481 one:
932 4426 994 4480 thet
1020 4426 1085 4482 (iod
1107 4427 1131 4482 is
1154 4432 1206 4483 not
1224 4443 1280 4499 any
1302 4428 1401 4484 visible
