3000 5062
96 307 260 374 Cnr.XX.]
536 309 586 363 DE
610 309 747 363 POENIS.
1134 302 1193 362 2ll

94 475 268 560 pruisquam
286 475 345 540 boc
366 475 499 550 dicerit,
523 476 643 558 injuste
665 475 776 558 apenti
798 496 861 539 non
886 475 1037 540 luendam
1052 498 1194 561 partam.

94 574 138 639 Et
155 572 275 638 Hieran
287 572 441 659 justitiam
457 595 496 638 ex
514 583 604 659 parte
621 573 681 638 hac
697 583 845 659 tanquam
866 573 1052 640 nobilissima
1069 574 1195 641 definie-
1206 581 1334 667 migr

95 671 151 737 bat
180 673 332 763 τιμωρίας
357 668 540 754 ἀπαίτησιν
570 669 660 766 nupsi
689 675 758 740 τῶν
792 665 1065 765 προηδικηκότων,
1089 699 1195 761 poetroe

94 774 291 838 exactionem
313 774 356 837 ab
379 775 424 839 iis
445 775 503 859 qni
518 774 644 857 priores
668 774 784 848 lasere,
807 781 840 839 et
863 773 1025 838 Hierocles
1046 773 1195 868 ἰατρικήν
1208 791 1305 840 Pus-1²4

94 871 258 963 πονηρίας,
275 873 414 937 malitia
428 873 675 938 medicatricem.
712 864 888 938 bLactantii
900 872 1015 938 dietum
1032 882 1099 940 est:
1116 878 1194 941 Non
1206 898 1285 986 papa
1294 897 1340 944 nee.

94 973 210 1055 eripete
228 972 401 1055 saliantur
424 993 539 1047 errore,
566 974 625 1056 qni
647 993 816 1037 censttram
837 975 904 1038 eice
928 974 1106 1038 humanam
1127 998 1194 1041 eene

93 1071 242 1134 divinam
265 1072 458 1136 acerbitatis
480 1082 510 1135 et
530 1072 668 1135 malitia
690 1074 817 1137 nominc
838 1074 1017 1157 infamant,
1036 1085 1194 1159 putantes

93 1181 254 1234 nocentem
270 1171 341 1234 dici
356 1181 500 1255 oportere
514 1172 570 1255 qni
585 1182 730 1236 nocentes
746 1173 846 1255 afficit
855 1194 964 1256 poena.

169 1270 191 1332 3
225 1268 317 1345 Quod
335 1289 409 1333 vero
427 1265 559 1332 diximus
576 1289 687 1354 poenae,
712 1292 782 1356 quae
799 1269 924 1356 proprie
944 1270 990 1335 ita
1006 1270 1192 1348 nominatur,

92 1365 216 1432 omniuo
233 1366 292 1431 hoc
308 1367 408 1432 inesse
430 1376 466 1433 ut
482 1366 595 1433 delicto
617 1368 778 1445 reddatur,
796 1378 937 1434 notatum
960 1378 993 1435 et
1015 1371 1193 1459 Augustino

91 1472 149 1541 est,
172 1465 225 1551 qui
245 1465 345 1532 dixit:
371 1469 475 1533 onmis
491 1489 600 1552 pana,
620 1471 651 1533 si
667 1470 766 1552 jacta
788 1482 843 1546 est,
861 1471 991 1554 peccati
1005 1493 1107 1556 pana
1125 1484 1192 1537 est:
1206 1479 1358 1573 {mlta

92 1565 175 1649 quod
194 1565 236 1632 ad
259 1587 366 1652 peenas
388 1565 481 1632 etiam
504 1586 575 1651 quae
593 1588 613 1631 a
633 1568 703 1633 Deo
723 1567 904 1656 irrogantur
926 1568 1072 1654 pertinet,
1096 1591 1193 1655 quan-

91 1683 184 1748 quam
215 1664 332 1731 inillis
360 1665 516 1730 interdum
547 1665 587 1730 ob
614 1666 780 1731 humanam
805 1666 1023 1754 ignorantiam,
1050 1676 1086 1733 nt
1111 1668 1193 1734 idem

91 1761 225 1850 scriptor
238 1763 385 1850 loquitur,
405 1767 484 1830 latet
501 1766 600 1850 cubem
615 1767 672 1829 abi
687 1788 751 1830 non
769 1767 847 1831 latet
859 1787 969 1851 pana.

171 1861 216 1928 II.
256 1867 275 1928 1
312 1863 375 1928 Sed
391 1885 432 1928 an
449 1863 489 1927 ad
513 1863 755 1951 assignatrieem,
779 1885 820 1928 an
838 1886 913 1929 vere
929 1862 971 1928 ad
993 1864 1193 1951 expletricem

86 1960 240 2051 justitiam
255 1983 347 2048 poena
362 1962 527 2049 pertineat,
546 1962 661 2027 diversi
684 1963 840 2028 diversum
858 1962 1004 2028 sentiunt.
1057 1964 1192 2041 Quidam

92 2061 172 2127 enim
189 2061 262 2146 quia
279 2061 331 2147 qui
348 2061 418 2148 plus
433 2060 582 2148 peccavit,
599 2062 734 2150 gravius,
751 2061 803 2147 qni
819 2061 928 2138 minus,
946 2060 1044 2127 levius
1060 2062 1193 2150 puniun-

90 2168 152 2236 tur,
171 2167 203 2225 et
220 2160 292 2246 quia
308 2182 400 2247 poena
415 2160 503 2247 quasi
521 2182 540 2225 a
558 2170 623 2226 toto
640 2161 723 2247 parti
740 2161 844 2238 datur,
866 2159 936 2225 ideo
954 2160 996 2226 ad
1011 2161 1193 2249 assignatri-

92 2281 158 2325 cem
170 2259 323 2345 justitiam
338 2282 444 2347 poenas
459 2260 609 2327 referunt.

168 2358 231 2423 Sed
248 2359 332 2445 qnod
350 2360 483 2446 primum
505 2359 549 2424 illi
571 2368 698 2446 ponunt,
722 2358 955 2448 assignatricem
968 2358 1122 2446 justitiam
1145 2368 1193 2425 te·

90 2456 150 2523 ties
167 2457 267 2522 locum
290 2457 415 2536 habere,
434 2458 554 2544 quoties
570 2459 652 2526 inter
673 2459 821 2526 termines
837 2459 943 2546 plures
966 2460 1087 2525 duobus
1106 2459 1193 2525 insti-

90 2630 219 2694 Illassnet.)
666 2633 713 2681 κότ
715 2651 832 2680 nnnnnn
832 2632 839 2690 j
845 2646 851 2658 ·
874 2633 982 2679 Ρνιοιιιιιι
994 2633 1097 2689 justitia
1119 2632 1191 2678 docn-

134 2706 146 2740 θ
169 2708 293 2756 ἱοιιιιιιιίι·
309 2709 397 2756 dictum
413 2708 460 2770 en]
496 2709 615 2758 Convenit
664 2715 764 2757 mentum
783 2711 835 2767 erit,
854 2724 926 2770 pana
943 2715 1029 2756 exacta
1048 2709 1078 2755 de
1098 2708 1192 2765 injustis

89 2781 137 2828 hnc
152 2786 177 2828 et
193 2783 254 2829 illud
271 2784 379 2831 Bellmril
392 2785 457 2844 apud
471 2785 614 2846 Procopium
664 2786 860 2846 interfectoribus.
876 2785 947 2845 (Cap.
967 2786 1014 2843 12.)
1030 2785 1101 2831 Adde
1121 2785 1191 2843 Aga·

93 2853 194 2903 Vatini.
216 2870 233 2904 1.
250 2860 352 2916 πρῶτον
371 2859 391 2905 δ’
409 2858 439 2905 ἂν
458 2861 505 2905 τοῦ
521 2860 614 2906 δικαίου
665 2860 739 2906 thiam
750 2860 803 2905 Lib.
812 2872 834 2904 v.
845 2859 887 2905 ubi
897 2860 927 2905 de
935 2858 1057 2906 Anatolio.
1070 2858 1190 2919 (capt.)

90 2930 190 2991 γένοιτο
201 2933 338 2994 γνώρισμα,
345 2933 360 2989 rj
370 2936 423 2981 τιδι’
430 2934 614 2992 α’δίιιιοιᾰιιηρη·

567 3080 582 3086 ..
589 3076 875 3086 ---·———-—--.

88 3184 158 3249 eril;
187 3184 278 3240 which
301 3184 350 3241 the
369 3184 563 3257 philosophers
585 3183 640 3239 eall
658 3184 707 3239 the
727 3183 841 3238 ancient
862 3179 918 3235 and
936 3181 1190 3236 Rhadamanthean

87 3269 148 3332 law,
164 3287 195 3325 as
214 3287 255 3326 we
270 3270 342 3324 haro
359 3269 510 3325 elsewhere
524 3269 584 3324 said
600 3267 635 3336 [Ι.
649 3285 680 3323 11.
697 3267 735 3334 3.]
772 3270 810 3321 Se
825 3266 968 3329 Plutarch,
981 3267 1073 3321 Plato.
1097 3262 1186 3334 [Sea]

89 3355 128 3410 So
139 3356 245 3410 Hierax
262 3354 374 3410 defined
389 3354 492 3425 justice
506 3356 544 3426 by
555 3354 611 3408 thie
628 3370 659 3408 as
676 3355 712 3408 its
728 3352 838 3408 neblest
860 3352 1000 3416 element3
1018 3350 1074 3404 and
1089 3351 1189 3405 Hiero-

87 3441 144 3494 cles
159 3440 250 3494 called
263 3441 286 3494 it
300 3441 341 3493 tte
354 3440 480 3493 medicine
491 3442 526 3513 ο]
534 3440 697 3494 nickedness.
734 3440 773 3493 So
788 3437 959 3492 Lactantius.

147 3530 163 3578 3
185 3523 249 3577 And
263 3523 319 3578 this
332 3524 540 3588 characteristic
555 3526 588 3579 ef
601 3524 797 3588 Punishment,
817 3524 880 3577 that
891 3524 914 3577 it
929 3523 952 3577 is
968 3522 1017 3577 the
1033 3526 1131 3577 return
1142 3521 1188 3576 fer

87 3610 299 3680 transgression,
313 3611 336 3664 is
349 3610 461 3665 noticcd
474 3611 512 3683 by
524 3611 697 3682 Augustine3
719 3605 809 3680 [see];
834 3608 923 3664 which
941 3609 1057 3678 belongs
1077 3608 1136 3662 also
1156 3613 1187 3662 ιο

86 3695 281 3767 punishments
296 3696 421 3752 inflicted
436 3697 474 3770 by
486 3697 568 3763 God;
589 3697 698 3769 though
710 3699 739 3751 in
753 3696 833 3752 these
848 3697 1008 3751 sometimes
1023 3696 1046 3749 it
1060 3711 1187 3767 appears,

86 3781 207 3854 through
231 3781 337 3838 human
360 3784 519 3855 ignorance,
541 3800 572 3838 ee
592 3783 630 3839 he
652 3800 723 3856 says,
744 3782 807 3838 that
826 3784 867 3837 tle
887 3782 1079 3854 transgression
1099 3782 1121 3835 is
1140 3782 1189 3835 tia

85 3869 162 3923 while
174 3870 214 3923 tlte
222 3869 584 3941 punishmentisapparent.
1034 3924 1047 3945 ο

143 3954 181 4007 11.
221 3959 235 4006 1
260 3954 398 4009 thther
415 3955 604 4009 Punishment
616 3955 734 4025 belongs
754 3961 785 4008 ιο
803 3953 1020 4008 attributire-or
1039 3957 1069 4005 ιο
1092 3950 1187 4018 exple·

86 4041 151 4107 tory
160 4038 263 4106 justice
278 4039 359 4093 there
373 4056 423 4095 are
434 4041 566 4095 different
580 4040 716 4111 opinione.
752 4039 810 4092 For
824 4036 969 4090 inasmuch
983 4052 1013 4089 aa
1029 4033 1109 4087 these
1123 4032 1186 4087 who

86 4127 241 4191 transgrese
255 4139 333 4178 more
347 4125 462 4197 gravely
483 4141 532 4180 are
551 4141 630 4179 more
645 4122 757 4194 hearily
774 4120 923 4193 punished,
941 4119 997 4173 and
1018 4117 1099 4172 those
1123 4118 1186 4173 who

86 4207 129 4261 sin
142 4205 195 4260 less
210 4208 332 4279 gravely‚
347 4225 426 4263 more
440 4208 557 4282 lightly;
575 4209 631 4263 and
646 4208 766 4262 because
777 4205 959 4277 punishment
973 4202 1136 4273 ienssigned
1148 4202 1186 4273 by

86 4291 136 4346 the
148 4291 237 4346 whele
252 4298 282 4346 ιο
296 4300 398 4364 spart,
409 4292 551 4350 therefore
565 4293 633 4366 they
645 4292 753 4347 ascribe
775 4288 957 4364 punishment
974 4296 1004 4343 ιο
1022 4287 1186 4342 attributire

81 4377 192 4449 justice.

138 4464 197 4519 But
220 4462 270 4521 the
290 4464 427 4538 principle
444 4480 482 4520 on
496 4462 588 4519 which
607 4463 675 4537 they
686 4462 817 4536 praeced,
839 4459 1075 4518 thntattributire
1082 4459 1186 4531 justice

188 4609 305 4698 [onor.
321 4611 371 4701 m]
1042 4560 1083 4623 16
