3000 5062
305 304 347 369 90
672 310 724 364 DE
745 307 1037 365 JUREJURANDO.
1277 305 1351 377 [Lsu.
1365 308 1404 364 11.

306 475 453 542 dixerant
471 472 670 540 Gabaonitis:
688 477 850 559 fortassis
876 477 913 539 in
942 475 1046 539 medio
1073 473 1137 538 snei
1162 474 1305 550 habitos,
1332 496 1408 557 quo-

305 578 400 642 modo
430 588 532 640 tecum
555 574 774 659 paciscerer?
803 575 887 639 hunc
917 574 1037 639 hebere
1068 594 1192 637 sensum
1224 581 1337 659 potest,
1371 582 1409 640 ιιι

287 673 542 767 ⁴interrogentur
564 672 746 739 Gabaonitsc
771 672 863 759 quale
882 680 1006 759 pactum
1029 670 1218 749 desiderent,
1236 672 1349 738 sociale
1365 694 1408 738 en

306 773 489 851 deditionis;
513 781 569 839 eut
593 771 688 838 etism
715 780 751 838 ιιι
775 773 940 838 ostendent
966 770 1097 837 Hebrmi
1123 770 1241 836 licitum
1264 771 1324 837 sibi
1344 793 1408 838 non

307 895 373 939 esse
402 895 472 939 cum
495 872 678 959 quibusdem
703 871 825 959 populis
849 871 952 937 soedns
974 870 1052 936 inire
1077 869 1208 936 sociale:
1234 892 1296 935 non
1313 870 1408 937 etiem

305 982 342 1039 ut
370 981 486 1061 negent
514 971 700 1038 dedentibus
729 993 763 1037 ss
790 972 886 1037 vitam
913 969 1046 1057 relinqui
1075 990 1176 1056 posse.
1223 971 1292 1035 Lex
1323 969 1407 1035 enim

306 1071 422 1149 divine,
450 1094 521 1161 quae
552 1093 605 1137 eos
636 1071 766 1158 populos
793 1069 994 1137 internecioni
1025 1070 1209 1144 devovebat,
1238 1073 1300 1135 nen
1328 1069 1407 1158 logis

143 1182 284 1222 ”erl-¹¹³⁰·
307 1170 436 1237 alterius
452 1169 682 1257 comparatione
704 1169 749 1236 its
774 1178 844 1236 eret
862 1169 1073 1257 intelligenda,
1092 1176 1128 1234 ιιι
1150 1168 1249 1235 locum
1273 1169 1407 1234 heberet

144 1381 187 1418 Jos.
197 1378 218 1417 ιΙ.

307 1270 366 1336 nisi
384 1270 410 1335 si
427 1270 480 1356 qui
497 1269 605 1335 moniti
626 1268 732 1335 stetim
754 1268 895 1335 iacerent
919 1268 1081 1355 imperata.
1135 1269 1228 1345 Quod
1244 1266 1329 1333 inter
1345 1268 1409 1333 alie

308 1370 422 1455 probet
441 1368 572 1435 historio
588 1369 740 1445 Rehaboe,
756 1367 822 1434 ⁰cui
839 1369 879 1434 ob
896 1369 976 1435 bene
995 1367 1106 1433 merita
1123 1366 1276 1456 percitum
1293 1375 1351 1443 est,
1371 1377 1405 1432 et

146 1476 288 1526 locu-2¹·
309 1468 490 1545 Solomonis,
508 1467 562 1555 qui
583 1469 809 1535 Canenoeorum
832 1467 980 1555 reliquias
997 1467 1054 1534 sub
1070 1465 1234 1553 imperium
1250 1488 1288 1535 ec
1305 1465 1407 1533 tribu·

141 1686 171 1725 xi.
180 1687 209 1733 19,
215 1687 245 1727 w.

308 1575 375 1633 tum
392 1567 519 1654 accepit.

382 1670 403 1731 3
451 1670 556 1753 Atque
580 1668 642 1733 huc
663 1667 801 1755 pertinet
820 1667 903 1754 quod
920 1667 952 1732 in
971 1667 995 1732 J
998 1688 1082 1732 osum
1098 1664 1178 1732 libro
1196 1665 1318 1743 dicitur,
1335 1665 1405 1732 nul-

306 1766 368 1831 lom
391 1766 485 1833 fuisse
507 1767 664 1834 civitatem
687 1791 727 1833 ex
753 1768 874 1854 populis
897 1774 1017 1854 septem
1046 1787 1117 1852 qum
1141 1787 1249 1852 pacem
1274 1765 1406 1842 secerit3

305 1865 476 1933 obduratos
498 1867 579 1932 enim
603 1890 644 1933 ιιο
667 1865 772 1956 gretie
797 1866 858 1931 illis
878 1867 977 1935 fieret.
1031 1866 1137 1943 Quare
1162 1887 1231 1930 cum
1258 1864 1407 1931 credibile

305 1975 396 2047 esset,
421 1966 448 2031 si
472 1988 539 2032 rom
565 1966 664 2053 ipsam
685 1967 870 2033 Gabaonitee
894 1965 1090 2041 indicassent,
1115 1964 1199 2050 quod
1225 1985 1292 2050 prm
1320 1972 1408 2031 metu

305 2087 367 2131 non
383 2066 535 2142 fecerunt,
552 2075 658 2133 temcn
679 2066 775 2132 vitam
797 2066 914 2131 selsam
936 2065 994 2131 sub
1010 2064 1141 2151 parendi
1158 2063 1333 2129 conditione
1350 2062 1407 2127 im·

305 2173 485 2251 petrsturos
502 2164 605 2242 luisse,
625 2165 723 2230 veluit
744 2164 973 2251 jusjurandum,
992 2164 1071 2229 odeo
1094 2162 1229 2249 quidem,
1252 2170 1288 2228 ut
1311 2169 1344 2227 et
1366 2161 1408 2228 de

348 2330 362 2357 ¹
383 2323 425 2369 Ec
442 2323 501 2383 lepis
521 2323 622 2369 alterius
638 2319 827 2381 comparatione]
880 2335 927 2381 que
937 2325 1047 2381 ternpore
1057 2321 1198 2380 superstites
1207 2321 1280 2368 fuisse
1294 2336 1324 2367 ex
1333 2335 1407 2368 even-

304 2396 359 2444 lmo
372 2402 398 2445 et
414 2413 444 2444 es
461 2412 533 2444 censs
549 2397 598 2456 legi
616 2396 646 2442 de
667 2396 829 2442 internecione
880 2396 945 2455 gello
954 2400 1055 2455 sppnret
1064 2395 1152 2441 Mutth.
1163 2395 1211 2442 viii.
1221 2397 1258 2442 28.
1274 2410 1329 2441 nsm
1340 2397 1366 2442 hl
1376 2398 1408 2443 sb

302 2473 391 2520 sddits.
402 2472 482 2519 Exodi
488 2472 555 2518 xxiii.
563 2474 601 2517 33.
614 2470 689 2517 Dent.
697 2471 737 2517 vii.
745 2473 768 2516 4.
778 2484 829 2516 ces-
879 2470 948 2517 initio
957 2484 983 2517 se
993 2470 1146 2516 dediderunt:
1159 2470 1213 2517 ideo
1224 2472 1369 2517 omittuntur
1380 2472 1407 2517 in

301 2547 413 2593 sstenim
424 2561 453 2592 es
466 2560 539 2592 csuss
551 2546 577 2590 in
590 2545 691 2604 illisqui
707 2550 829 2605 prmcepts
880 2546 984 2592 hostium
1002 2544 1188 2592 enumeratione.
1218 2545 1293 2592 Deut.
1310 2560 1349 2591 xx·
1365 2546 1404 2595 17.

301 2619 405 2664 filiorum
414 2619 474 2665 Nom
484 2617 624 2677 suscipiunt,
633 2621 658 2662 et
668 2616 759 2662 tribute
769 2632 828 2677 pen·
879 2619 933 2667 Jos.
943 2620 975 2665 ix.
987 2623 1010 2666 1.

302 2693 370 2739 dunt
401 2693 441 2738 lte
451 2691 620 2745 Moimonldes,
633 2698 659 2736 et
669 2690 769 2737 Ssmsou
780 2693 828 2739 Mi·
924 2704 937 2738 s>
952 2693 1105 2753 Ambrosius]
1122 2693 1162 2741 Do
1174 2694 1273 2756 Officiis,
1283 2708 1324 2740 ιιι.
1336 2709 1359 2742 e.
1369 2696 1407 2743 1o.

302 2766 359 2823 cosl,
369 2771 395 2812 et
405 2767 486 2813 Moses
495 2764 779 2827 deKctzl,inprsocepto
785 2768 827 2827 ju·
924 2771 1079 2817 eronass
1102 2770 1197 2816 cuidam
1220 2770 1342 2831 unituts'l
1371 2773 1408 2820 Ut

302 2840 376 2887 bento
386 2852 431 2886 xv.
442 2845 574 2887 otcxvur.
880 2845 1002 2892 Bruttiani
1012 2844 1228 2891 olimsltomsnis.
1247 2846 1342 2892 Gellius
1349 2860 1374 2892 1.
1381 2848 1405 2894 3.

346 2921 359 2947 ⁰
375 2915 422 2961 Cui
437 2915 535 2961 obdens
549 2915 635 2962 merito
646 2917 768 2976 parcitum
783 2917 827 2978 est]
879 2919 966 2967 Festus
976 2921 1048 2966 verbo
1058 2920 1175 2968 Brutisnl.

302 2989 337 3035 Et
348 2990 440 3035 (lesere
454 2988 615 3036 lesbitsntium
629 2991 654 3036 ln
670 2992 769 3038 historie
783 2992 828 3039 Jo-
924 2994 1010 3040 4Ηιιο
1031 2996 1116 3041 fmsset
1140 3008 1207 3041 mers
1232 2995 1359 3052 cavillatio,
1384 2996 1406 3042 si

301 3076 352 3109 susc
361 3063 408 3110 xvi.
419 3066 456 3112 lo.
487 3064 629 3125 Gergesssos
642 3068 673 3113 sul
685 3067 776 3114 christi
787 3082 827 3114 us·
875 3068 1048 3129 juramentum,
1062 3069 1088 3114 in
1100 3082 1125 3115 se
1140 3073 1284 3130 spectem,
1298 3070 1406 3116 vslldum

302 3276 378 3331 what
390 3276 459 3351 they
473 3280 542 3344 said,
555 3296 613 3335 ver.
626 3282 652 3343 7,
665 3280 867 3335 Porcdoontoro
878 3300 911 3352 ys
925 3282 1003 3336 decoll
1014 3300 1114 3352 antony
1131 3300 1171 3346 os,
1192 3284 1251 3336 and
1261 3284 1320 3336 bow
1334 3284 1406 3337 shall

300 3381 340 3418 soe
347 3365 424 3420 make
435 3384 454 3420 o
468 3365 559 3437 boone
571 3367 636 3420 witb
650 3367 729 3437 you?
749 3384 814 3438 may
826 3367 862 3422 be
877 3367 1047 3422 understood
1062 3384 1092 3421 es
1104 3384 1141 3421 un
1153 3368 1265 3438 inquiry
1276 3368 1405 3423 whether

300 3449 350 3505 the
363 3450 526 3506 Gibeonites
537 3451 624 3505 selred
635 3452 681 3505 for
693 3468 711 3504 s
721 3451 822 3522 lesgue
833 3452 867 3506 of
876 3454 1000 3525 oqunlity
1011 3469 1044 3509 or
1055 3453 1089 3507 cf
1096 3453 1278 3518 submission;
1296 3470 1331 3508 or
1341 3454 1406 3509 thet

300 3534 370 3604 thoy
383 3534 474 3604 might
492 3536 567 3589 show
590 3536 653 3589 thet
674 3537 697 3590 it
719 3552 774 3590 was
797 3543 848 3590 not
870 3538 964 3593 lowful
985 3539 1031 3593 for
1051 3538 1101 3594 the
1115 3538 1249 3593 Hebrews
1270 3545 1301 3593 tc
1320 3540 1406 3595 mske

301 3618 415 3687 leugues
427 3618 494 3673 with
508 3620 615 3674 certain
630 3620 745 3691 pocples
753 3640 761 3685 3
779 3629 830 3677 not
843 3628 874 3677 ιο
888 3624 977 3696 imply
991 3625 1054 3679 thot
1069 3625 1135 3695 they
1149 3623 1242 3679 would
1256 3631 1308 3679 not
1321 3641 1406 3696 spero

301 3702 377 3756 their
390 3702 458 3756 lives
478 3704 504 3756 if
522 3703 590 3774 they
604 3705 798 3761 surrendered.
843 3708 900 3763 For
919 3710 968 3765 the
987 3710 1080 3764 divino
1100 3709 1160 3774 low,
1174 3708 1265 3764 which
1282 3710 1407 3765 devoted

300 3786 383 3841 those
393 3787 507 3858 peoplcs
519 3795 550 3842 ιο
564 3789 745 3857 destruction,
759 3808 814 3847 was
826 3800 856 3848 to
868 3794 904 3849 be
914 3796 1086 3850 understood
1098 3795 1137 3866 by
1148 3795 1324 3866 comperison
1336 3796 1407 3851 with

300 3871 351 3926 the
364 3879 423 3927 rost
437 3873 470 3927 of
481 3874 530 3929 tho
544 3875 605 3940 lew,
619 3875 649 3928 in
663 3876 732 3931 such
746 3895 826 3934 sense
839 3879 901 3934 thot
914 3881 939 3935 it
953 3898 1007 3935 oros
1020 3887 1050 3936 to
1064 3881 1130 3935 telsc
1145 3882 1181 3935 its
1193 3897 1292 3935 course
1303 3890 1407 3953 except

300 3975 357 4030 ιιι]
369 3975 423 4013 one
434 3960 569 4014 ettcndod
580 3969 611 4015 tc
625 3960 675 4016 tho
686 3966 818 4036 morning,
833 3966 889 4019 end
902 3966 950 4020 did
962 3969 1035 4023 whot
1045 3984 1100 4021 was
1116 3966 1301 4021 commended
1313 3966 1403 4022 them.

294 4044 494 4116 v'l'lrisnppcers
504 4046 533 4098 in
545 4045 593 4101 the
602 4046 709 4119 history
721 4051 755 4105 of
763 4051 872 4117 liehab,
884 4052 946 4107 who
956 4070 1010 4106 sos
1019 4053 1119 4123 spored
1126 4071 1135 4117 ;
1150 4052 1207 4106 snd
1217 4052 1249 4106 of
1259 4051 1406 4118 Solomon,

302 4130 369 4229 who·
381 4137 433 4201 put
451 4130 500 4185 tho
514 4132 673 4187 remainder
688 4136 722 4188 of
735 4137 784 4192 the
801 4138 968 4193 Conuenites
986 4138 1077 4192 under
1098 4155 1116 4192 s
1133 4137 1240 4192 tribute
1261 4137 1296 4191 cf
1312 4137 1406 4195 bond-

298 4232 413 4271 service.

358 4308 375 4355 3
396 4301 461 4355 And
480 4306 509 4356 to
521 4302 576 4359 this
588 4305 656 4361 view
670 4307 786 4379 belongs
798 4308 873 4363 whst
886 4309 910 4362 is
924 4309 985 4363 seid
999 4309 1026 4361 ln
1041 4306 1092 4364 tho
1102 4308 1178 4365 book
1190 4309 1224 4363 of
1232 4307 1349 4372 Joshus,
1364 4309 1405 4365 xi.

300 4390 343 4447 19,
356 4392 400 4451 20,
415 4387 478 4442 thet
492 4406 565 4446 none
580 4392 613 4446 of
628 4392 678 4447 the
695 4410 780 4449 seven
796 4395 875 4449 sities
890 4393 924 4448 ol
937 4394 1051 4449 Onnoen
1069 4395 1153 4450 mede
1167 4396 1263 4465 posce,
1276 4394 1324 4450 for
1338 4394 1406 4449 (lod

298 4469 356 4525 hod
368 4472 512 4530 hordened
523 4476 598 4533 their
610 4478 704 4535 hesrts
715 4479 778 4534 thot
788 4477 856 4550 they
870 4478 961 4549 might
975 4478 1046 4535 bore
1057 4496 1095 4536 no
1106 4480 1225 4546 issour3
1246 4479 1405 4537 wheresore
