3000 5062
104 311 173 367 Οιιι.
188 310 272 379 XX]
548 314 600 367 DE
623 313 760 369 POENIS.
1146 304 1209 369 209

102 478 242 563 pedicae,
267 487 351 541 certo
376 498 477 561 queam
498 478 676 562 prophetia
699 478 869 563 uacuisoete
886 488 1081 554 coercuerat,
1102 491 1131 542 et
1148 500 1213 543 mc·

109 578 251 641 ucetiam
267 576 399 658 injuria
419 576 596 660 prohibeor
620 588 650 641 et
675 578 828 641 ultionem
854 579 901 640 ad
922 579 1029 641 Deum
1052 579 1211 661 redipene.

110 679 169 741 Ita
191 677 221 741 ei
240 677 321 760 quid
346 677 499 741 Clerietua
524 676 648 751 intulit,
672 698 737 741 uou
759 678 961 752 aduersario,
984 679 1041 742 ced
1063 677 1213 760 adjutore

106 787 279 860 praeopto,
303 796 367 839 noa
389 776 550 840 dcatruuit
572 777 768 860 diecrpliuaa
792 777 966 842 Creatorie.
1017 778 1164 862 Denique
1180 779 1213 842 ei

111 878 149 938 iu
174 876 280 958 ipeom
305 875 466 939 rationem
484 876 659 959 patientia
674 877 915 960 pracipieuda‚
937 887 968 940 et
990 878 1118 960 quidem
1144 888 1213 941 tom

106 975 214 1059 plmae
231 985 327 1057 atquc
344 976 500 1058 perfector
520 976 763 1050 concideremua
784 996 848 1039 uon
869 976 1018 1040 coueiotet
1038 978 1070 1041 ai
1085 998 1149 1040 nou
1166 988 1213 1042 cat

116 1076 293 1148 Creatorie‚
312 1075 370 1159 qui
394 1074 575 1138 uindictam
599 1075 809 1159 repromittit,
825 1077 882 1161 qui
896 1075 1042 1158 judicem
1059 1088 1210 1161 praetat.

113 1175 251 1259 Alioqui
266 1175 298 1239 ei
316 1184 443 1238 tantum
459 1175 634 1258 patientia
650 1176 781 1258 pondua
796 1197 861 1239 nou
876 1176 969 1239 modo
986 1196 1050 1239 uon
1065 1198 1213 1258 repercu-

116 1275 227 1348 tiendi,
249 1274 306 1338 eod
326 1283 357 1337 et
380 1272 484 1336 aliam
506 1274 680 1337 maxillam
698 1275 875 1356 praebendi,
896 1286 927 1339 et
947 1296 1011 1339 uon
1031 1277 1125 1340 modo
1150 1297 1214 1340 uere

115 1373 376 1446 remaledicendi,
396 1373 452 1436 eod
469 1375 569 1436 etiam
586 1374 799 1449 benedicendi,
821 1387 851 1439 et
865 1396 929 1438 noa
949 1376 1041 1439 modo
1057 1397 1121 1439 non
1137 1377 1215 1440 reti·

114 1474 214 1537 nendi
239 1473 395 1547 tunicam,
416 1472 472 1536 ced
495 1472 639 1556 amplius
661 1484 691 1536 ct
710 1473 856 1557 pallium
873 1475 1064 1539 concedendi
1082 1476 1113 1538 ie
1132 1477 1215 1540 milui

114 1574 263 1657 imponit,
282 1573 341 1657 qui
356 1593 421 1635 uon
438 1571 483 1635 eit
506 1594 555 1636 me
576 1572 775 1654 defeumtrue,
797 1574 834 1637 iu
855 1595 994 1638 uacuum
1013 1576 1216 1658 patientiam

110 1675 361 1757 praecpitem
386 1671 536 1735 calcidona
560 1672 644 1735 milei
667 1674 839 1737 mercedem
859 1675 1024 1757 precepti,
1045 1675 1217 1757 patiemim

117 1773 189 1837 dico
206 1773 368 1856 fructum,
393 1772 479 1855 quod
501 1782 547 1835 eet
569 1771 664 1845 cultio,
686 1792 785 1852 quiam
810 1772 894 1835 milei
908 1772 1098 1856 permicieae
1119 1774 1216 1837 debu-

117 1882 190 1935 erat
211 1873 242 1933 ci
265 1874 333 1955 ipae
353 1891 417 1934 oon
430 1878 582 1954 potestat,
601 1881 661 1933 aut
679 1872 711 1934 ei
732 1871 815 1934 milui
835 1892 899 1934 uort
916 1871 1126 1954 permittebat
1147 1873 1217 1957 ι’]ιοο

110 1981 296 2056 praetoret,
320 1971 474 2054 proriam
505 1979 534 2034 et
561 1970 746 2054 disciplina
769 1971 900 2035 intereat
926 1970 1086 2053 iujuriam
1107 1972 1216 2036 viudi-

117 2070 198 2134 cari.
262 2070 358 2133 Metu
391 2070 475 2134 euim
507 2070 644 2133 ultiouie
675 2070 780 2133 omnia
812 2070 975 2154 iniquitas
1006 2072 1214 2154 refraenatur.

119 2172 267 2235 Ceterum
288 2170 419 2253 paaeim
450 2169 569 2233 οιιιίιοα
603 2167 761 2243 libertate,
787 2169 1012 2232 dominabitur
1045 2180 1217 2255 utrumque

116 2270 244 2335 corolum
266 2271 431 2353 effectura,
459 2279 489 2332 et
514 2289 636 2332 omnem
660 2268 785 2332 dentem
810 2268 996 2332 excitatura
1013 2290 1087 2353 pra
1110 2270 1219 2352 impu-

116 2370 235 2433 nitatis
251 2368 434 2433 securitate.

194 2468 215 2531 5
249 2466 371 2543 Censet,
389 2475 426 2530 ut
443 2464 594 2541 videmus,
615 2464 826 2532 Tertullianus
842 2488 905 2530 non
921 2465 1013 2532 modo
1030 2464 1217 2533 Christiania

118 2563 356 2654 postulationem
381 2565 506 2630 talionis
530 2587 598 2631 esec
615 2565 754 2643 vetitam,
779 2566 834 2631 sed
858 2588 898 2631 ne
922 2565 1067 2632 Hebraeis
1092 2567 1217 2653 quidem

118 2664 309 2753 permissam,
328 2673 476 2750 tanquam
499 2686 570 2750 quoe
595 2664 669 2730 vitio
694 2674 826 2743 careret,
852 2664 908 2730 sed
932 2665 1058 2752 majoris
1079 2666 1152 2731 mali
1173 2667 1219 2732 vi·

118 2764 207 2831 tandi
223 2785 324 2830 cauea.
377 2764 470 2842 Quod
493 2765 568 2850 quin
588 2786 696 2830 verum
719 2765 760 2831 eit
783 2765 823 2830 dc
841 2764 895 2830 tali
912 2765 1129 2851 postulatione,
1147 2788 1218 2852 quae

119 2886 159 2930 ex
185 2862 368 2940 adleuauit,
386 2885 449 2929 noa
475 2873 524 2928 ost
545 2863 758 2941 dubitandum,
776 2873 812 2929 ut
837 2886 878 2931 cx
897 2865 1108 2951 superioribus
1122 2887 1220 2951 appa·

120 2974 170 3030 ret
229 2964 312 3028 Nam
338 2963 418 3028 hane
448 2963 654 3049 improbatam
679 2963 773 3028 ctiam
798 2963 857 3028 illis
883 2963 936 3048 qui
961 2963 1043 3029 inter
1066 2964 1220 3029 Hebraea

120 3062 272 3150 sapientia
288 3062 490 3138 excellebant,
508 3083 566 3125 nec
578 3060 657 3148 legis
669 3060 767 3126 verba
779 3070 901 3126 mutum
915 3061 970 3125 sed
984 3071 1015 3126 ct
1028 3061 1219 3148 propositum

120 3160 389 3238 inuehentem
412 3160 543 3225 Philone
568 3168 713 3246 apparet,
738 3158 823 3244 apud
847 3179 940 3243 quem
962 3158 987 3222 J
989 3158 1069 3225 udoei
1086 3159 1220 3226 Alexan·
1233 3180 1352 3231 namra

120 3259 203 3327 drini
220 3259 252 3323 in
269 3258 373 3323 Flacci
396 3258 584 3323 ludaeorum
604 3255 760 3323 vexatoris
777 3256 951 3321 calamitate
967 3257 1013 3323 ita
1029 3257 1218 3342 loquuntur:

120 3359 176 3428 οὐκ
201 3350 402 3453 ἑφηδόμεθο,
428 3348 453 3422 d
477 3348 641 3433 δέσποτα,
659 3359 824 3446 τιμωρίαις
848 3352 982 3446 ἐχθροῦ,
1000 3348 1221 3443 δεδιδαγμένοι

121 3454 203 3551 updc
228 3458 296 3523 τῶν
319 3454 411 3546 ἰερῶν
438 3449 540 3536 νόμιον
563 3450 850 3549 ἅνθρωποπαθεῖν·
884 3476 948 3519 uon
972 3456 1179 3533 delectamur,
1203 3479 1222 3523 ο

120 3626 170 3671 cicc
179 3622 242 3669 carli
251 3636 331 3669 erum
336 3624 476 3683 permiram
486 3628 527 3680 ost,
537 3628 605 3670 tanta
614 3628 649 3670 est
697 3622 929 3681 iapuriujubenturl
958 3622 1042 3683 (Τοιιι.
1054 3635 1095 3670 ιιι.
1105 3636 1161 3685 pag.
1169 3622 1222 3680 ate,

120 3698 232 3746 iracundi
243 3712 322 3758 pana,
336 3704 424 3759 φιαιιιο
438 3700 515 3761 napis
528 3699 595 3759 apud
608 3713 648 3745 eoa
696 3700 751 3749 846.
780 3700 848 3747 Edit.
861 3698 952 3758 Socii.)

120 3778 162 3839 qni
176 3775 242 3822 mala
256 3776 325 3835 paeri
335 3776 441 3836 probare
455 3790 480 3821 re
494 3775 646 3823 ulterioribus

121 4021 252 4076 without
266 4021 331 4086 this,
344 4022 470 4078 violence
484 4021 576 4076 would
595 4037 631 4092 go
645 4026 676 4075 to
691 4025 839 4075 extremes.

178 4114 195 4161 5
224 4107 302 4161 Thue
323 4108 481 4162 Tertullian
502 4107 597 4161 thinks
623 4106 686 4159 that
712 4121 832 4174 revenge
859 4119 915 4157 wne
941 4102 1093 4174 permittcd
1116 4109 1147 4157 to
1173 4100 1224 4159 the

123 4192 268 4255 llebrewe,
281 4198 333 4246 not
346 4208 377 4247 aa
391 4209 409 4246 a
423 4193 504 4263 thing
518 4190 674 4255 blamelese‚
688 4190 740 4243 but
754 4196 785 4242 to
799 4188 882 4242 avoid
896 4204 914 4241 a
927 4194 1040 4259 greater
1054 4188 1117 4242 evil.
1158 4188 1224 4243 And

124 4278 181 4333 thie
198 4278 222 4331 ia
245 4277 440 4348 undoubtedly
462 4276 512 4332 the
535 4292 608 4340 case,
627 4275 694 4329 with
717 4273 785 4329 euch
808 4273 930 4328 demand
950 4273 982 4327 of
1001 4272 1174 4327 satisfaction
1192 4290 1225 4329 ue

123 4362 259 4435 proceeds
274 4361 347 4417 from
362 4362 469 4427 wrath3
485 4362 541 4417 and
561 4378 593 4415 eo
607 4359 656 4414 the
668 4375 791 4431 purpose
802 4359 836 4415 cf
845 4358 893 4414 the
906 4358 960 4412 lan
975 4376 1030 4413 nae
1044 4358 1225 4425 undomtood,

123 4466 153 4505 ue
169 4464 288 4521 appears
303 4448 333 4501 in
348 4446 439 4502 Philo.
475 4446 540 4501 hed
553 4445 644 4502 thiale
659 4445 708 4501 the
722 4446 803 4517 point
816 4450 848 4500 to
862 4444 952 4501 which
964 4444 1079 4501 Obriet'e
1093 4450 1223 4517 precepto
