3000 5062
301 275 365 337 398
670 285 722 339 DE
745 284 880 339 (hlUSlS
902 284 1035 339 DUBllS
1278 281 1356 352 [Lus
1370 285 1413 343 Il.

373 450 394 513 2
429 448 522 535 Soepe
546 456 650 514 autem
668 446 789 525 accidit,
814 453 851 512 nt
870 445 1021 532 judicium
1045 444 1123 510 nihil
1139 445 1218 512 certi
1244 454 1412 527 monstret,

301 547 357 613 sed
378 547 521 613 haesitet:
550 570 621 634 quae
643 545 798 612 haesitatio
813 545 840 610 si
859 553 982 611 attenta
997 544 1245 611 consideratione
1266 548 1414 634 expediri

138 666 282 718 neeffleta.
302 655 447 732 nequeat,
481 647 673 734 sequendum
706 645 767 711 erit
793 644 871 711 illud
898 644 1074 710 Ciceronis:
1111 648 1185 712 bene
1203 650 1414 732 precipiunt

301 739 377 834 ‘’qu-i
393 759 502 813 vetant
525 749 701 834 quiequam
717 767 813 830 apere
829 747 915 831 quod
930 747 1057 811 dubites
1073 767 1200 831 oepuum
1219 748 1265 811 ait
1281 769 1329 812 ou
1345 749 1414 813 ini·

302 869 417 934 quum.
464 846 593 913 Hebraei
618 844 758 935 magistri
781 844 926 910 ²dieunt:
959 831 1251 932 montboitron
1280 848 1414 914 abstine

135 962 276 1004 com-rom·
303 960 332 1013 te
347 970 371 1011 a
392 970 429 1013 re
445 949 557 1012 dubia.
604 945 667 1010 Sed
690 946 749 1010 hoc
765 943 866 1009 locum
890 943 1008 1009 habere
1026 965 1090 1008 uon
1106 951 1219 1029 potest,
1245 945 1300 1011 ubi
1316 945 1413 1013 alicui

136 1010 288 1141 {2¹:30⁵th
301 1045 424 1111 omnino
447 1046 634 1111 alterutrum
655 1052 704 1110 ost
726 1042 910 1120 iaciendum,
936 1051 969 1108 et
991 1042 1031 1109 de
1053 1051 1196 1128 utroque,
1218 1065 1261 1109 an
1283 1066 1412 1132 oequnm

301 1145 351 1222 sit,
378 1145 558 1211 dubitatur:
584 1153 658 1210 tunc
679 1142 761 1209 cuim
780 1141 902 1208 ³licobit
921 1141 951 1208 ci
972 1141 1099 1231 eligere,
1122 1142 1206 1228 quod
1227 1143 1331 1211 minus
1348 1144 1412 1211 ini-

301 1265 397 1330 quum
413 1243 442 1309 ei
459 1243 594 1309 videtur.
643 1243 774 1330 Semper
791 1241 882 1319 enim,
900 1240 954 1308 ubi
976 1241 1085 1309 electio
1103 1241 1195 1308 evadi
1211 1265 1275 1308 uon
1291 1252 1410 1331 potest,

300 1341 401 1407 minus
421 1341 536 1407 malum
555 1341 708 1408 rationem
727 1340 829 1407 induit
851 1340 933 1407 boni.
980 1337 1034 1409 Ta*
1060 1336 1231 1434 ἐλάχιστα
1253 1340 1410 1425 ληπτέον

136 1463 205 1547 papa.
218 1464 266 1503 nn.
301 1442 370 1509 τῶν
388 1444 500 1521 κακῶν,
517 1441 563 1507 ait
580 1440 782 1506 Aristoteles:
807 1439 927 1517 Cicero,
946 1442 1099 1506 damulis
1115 1444 1263 1507 minima.
1307 1443 1409 1522 Quin-

134 1537 286 1642 fflptpss·
301 1540 443 1608 tiliauus:
461 1544 498 1607 ia
511 1543 752 1627 comparatione
763 1542 926 1605 malorum
942 1543 1017 1606 honi
1029 1542 1132 1606 locum
1144 1543 1264 1609 obtinet
1276 1543 1392 1609 huius.

369 1641 431 1709 Ill.
471 1639 658 1727 Plerumque
675 1662 750 1705 vero
767 1638 799 1705 in
816 1640 910 1705 rebus
927 1639 1028 1705 dubiis
1043 1647 1114 1726 post
1131 1662 1262 1706 examen
1278 1642 1408 1728 aliquod

298 1740 420 1807 animus
445 1762 509 1806 uon
525 1739 557 1805 in
574 1739 676 1806 medio
693 1739 802 1814 haeret,
828 1739 884 1805 sed
903 1740 964 1804 hue
986 1747 1042 1805 aut
1058 1739 1130 1805 illuc
1152 1740 1276 1807 ducitur
1292 1744 1408 1830 eargn-

133 1857 250 1951 πνοιή
298 1839 409 1906 mentis
436 1862 476 1905 ex
502 1861 538 1905 ro
564 1839 681 1926 petitis,
705 1848 760 1904 aut
786 1861 824 1904 ex
847 1837 1001 1924 opinione,
1027 1860 1120 1924 quam
1142 1839 1240 1906 habet
1267 1841 1311 1907 de
1333 1842 1407 1908 aliis

132 1907 285 2044 3¹prqu
298 1939 481 2018 hominibus,
506 1938 691 2005 senteutiam
714 1960 808 2025 super
823 1959 862 2005 ea
878 1959 914 2003 re
938 1937 1221 2025 pronunciantibus.
1269 1941 1353 2007 Nam
1371 1950 1406 2008 et

297 2127 402 2161 σαντες·
416 2114 548 2174 requiritur
563 2128 609 2160 uon
623 2111 699 2169 modo,
713 2116 746 2169 ut,
761 2112 827 2171 quod
873 2115 899 2158 et
908 2116 978 2159 notas
988 2116 1084 2159 nostras
1096 2112 1177 2159 sidere
1186 2113 1287 2173 poteris.
1316 2113 1345 2162 J.
1356 2115 1389 2162 B.

295 2190 386 2248 coitur,
405 2189 438 2235 ait
453 2189 570 2235 donatum
584 2188 727 2247 januamque,
743 2187 785 2232 sed
799 2192 826 2233 ut
917 2195 928 2220 θ
937 2188 1087 2247 Arqumtis
1094 2202 1123 2233 es
1133 2202 1160 2234 re
1165 2188 1249 2248 petitis
1258 2194 1301 2235 mci
1310 2204 1340 2235 ex
1350 2191 1406 2251 opi·

288 2264 367 2321 fimo
379 2277 409 2310 oe
422 2268 531 2309 consinus
544 2262 609 2309 adsit
618 2263 753 2322 parnasia,
764 2262 825 2307 uada
871 2262 947 2319 aione,
964 2276 1036 2322 quam
1054 2262 1123 2308 habet
1139 2262 1169 2308 de
1184 2263 1243 2309 aliis
1256 2263 1404 2327 hominibus]

287 2340 340 2397 flat
354 2339 426 2398 adio,
443 2343 477 2392 ui,
494 2339 559 2399 quod
573 2338 613 2396 ait,
623 2338 675 2397 fiat
692 2337 745 2383 ideo
761 2337 826 2397 quod
872 2337 1025 2395 Augustinus
1034 2337 1088 2383 Lib.
1100 2350 1130 2385 ιι.
1144 2338 1174 2384 de
1191 2336 1297 2385 Ordine:
1314 2339 1405 2400 duplae

295 2414 388 2460 animus
396 2412 733 2474 itasaeieudumjudicauerit.
749 2408 824 2473 (rag.
871 2414 905 2457 est
919 2410 968 2467 oia,
978 2425 1049 2470 quum
1063 2413 1190 2472 sequium,
1199 2425 1251 2458 cunr
1265 2426 1346 2460 rmus
1359 2429 1404 2461 nos

294 2490 339 2536 238
350 2488 387 2549 o.)
871 2487 1003 2535 obscurum
1012 2493 1093 2544 mooe,
1102 2488 1277 2544 eutrotionerm
1288 2494 1331 2535 aut
1340 2495 1405 2538 cerie

338 2562 350 2595 ἅ
369 2563 417 2622 Qui
432 2567 511 2609 uetant
531 2563 657 2622 quicquam
673 2575 744 2620 apere
760 2562 825 2620 quod
871 2564 1043 2610 auctoritatem.
1068 2563 1144 2624 (Cap.
1161 2562 1200 2623 5.)
1225 2564 1340 2625 Explicat
1356 2567 1403 2613 hoo

294 2637 396 2697 dictitas]
417 2637 510 2683 Plinius
523 2637 576 2682 Lib.
589 2650 607 2682 1.
618 2636 688 2695 epist.
699 2639 736 2683 18.
754 2637 825 2695 Quod
873 2640 972 2685 Gabriel
986 2640 1097 2699 Vosquea
1116 2639 1206 2700 disput.
1223 2653 1291 2689 nxu.
1306 2654 1361 2701 cop.
1377 2645 1402 2693 3.

294 2712 396 2768 dubitus,
407 2712 537 2771 ueseeen'a.
871 2729 937 2761 unrn.
949 2717 985 2761 10.

334 2785 430 2830 'Rabbi
439 2784 822 2845 osnmrnn,inrrnnnunorn‚
916 2786 1005 2836 tIllud
1019 2787 1132 2849 Hesiodi]
1149 2790 1211 2837 Usus
1224 2794 1262 2838 est
1279 2790 1403 2840 Minutina

295 2874 351 2921 pag.
363 2862 400 2906 14.
411 2861 456 2907 Ed.
468 2861 496 2908 Ρ.
507 2859 584 2920 Fagii.
615 2859 643 2908 J.
653 2861 686 2907 Β.
870 2867 927 2924 post
940 2866 1028 2911 mulam
1039 2879 1144 2924 pugnam
1154 2867 1220 2926 apud
1233 2866 1326 2913 Livium
1336 2867 1403 2915 libro

337 2935 349 2965 ὅ
364 2936 418 2984 Hoc
434 2951 482 2983 non
498 2937 556 2983 satis
568 2941 633 2983 recte
647 2936 701 2992 diei,
717 2937 823 2983 ostendit
871 2939 1014 2999 xx11.(eap.
1028 2939 1076 2998 29.)
1105 2940 1170 2987 Eum
1180 2942 1286 3001 primun
1298 2957 1349 2990 esse
1363 2945 1402 2990 oi·

295 3012 508 3069 Perennonrrus,
523 3011 577 3060 Lib.
588 3024 607 3058 1.
622 3025 675 3071 cap.
686 3013 709 3058 3.
721 3010 736 3072 ἓ
747 3014 770 3059 8.
781 3012 823 3059 ubl
870 3026 931 3070 nra,
942 3014 984 3074 qui
994 3014 1178 3076 commoniti
1192 3016 1218 3062 ia
1231 3031 1280 3064 ren
1295 3016 1347 3066 ott.-
1362 3033 1402 3066 se-

605 3160 777 3166 ..-..——-—
937 3162 1078 3169 ———-

348 3266 365 3313 2
387 3260 415 3315 lt
432 3261 511 3317 often
529 3261 656 3334 happens
668 3261 730 3316 that
744 3261 794 3317 tho
804 3262 955 3334 judgment
970 3262 1038 3318 does
1052 3267 1104 3317 not
1115 3278 1280 3335 prononnee
1299 3279 1318 3317 a
1337 3280 1401 3320 cer.

293 3347 353 3399 tain
371 3346 504 3413 decision,
525 3348 577 3402 but
594 3348 743 3403 hesitates:
767 3348 824 3402 and
838 3349 864 3402 if
875 3348 931 3403 this
949 3348 1101 3403 hesitation
1116 3355 1220 3403 cannot
1231 3348 1267 3403 bo
1285 3349 1402 3407 cleared

293 3432 336 3486 off
354 3433 392 3503 by
413 3451 450 3487 an
473 3434 610 3489 attentivo
629 3434 844 3498 consideration,
867 3434 988 3489 Cicero’s
1010 3435 1072 3489 rulc
1093 3442 1170 3489 must
1191 3434 1228 3490 bo
1248 3434 1400 3502 followed3

292 3516 373 3572 those
387 3518 482 3574 adwise
504 3520 567 3573 well
589 3519 651 3573 who
668 3521 758 3574 direct
775 3537 832 3591 you
847 3526 897 3574 not
915 3526 945 3575 to
963 3520 1000 3575 do
1022 3519 1159 3592 anythiug
1176 3520 1210 3574 oi
1227 3520 1319 3575 which
1340 3540 1401 3593 you

291 3601 381 3655 doubt
401 3602 526 3658 whether
538 3606 560 3657 it
574 3605 597 3658 is
609 3605 669 3673 just
689 3621 722 3659 or
741 3606 852 3674 unjust:
872 3606 928 3660 and
949 3622 981 3661 so
999 3606 1049 3661 the
1063 3606 1184 3661 Hebrew
1202 3612 1320 3662 masters
1338 3624 1401 3680 say,

290 3687 407 3740 Abatoiu
413 3689 495 3759 srom
510 3689 636 3757 doubtful
648 3690 744 3758 thiasos.
780 3691 838 3746 But
856 3690 912 3746 this
927 3691 995 3747 does
1010 3697 1061 3746 not
1071 3691 1157 3763 apply
1171 3692 1201 3745 in
1213 3707 1289 3747 cases
1301 3691 1400 3749 where

289 3787 332 3825 we
343 3771 501 3843 absolutely
515 3780 590 3827 must
603 3774 639 3827 do
651 3790 706 3828 ono
720 3774 755 3828 oi
765 3781 821 3830 two
835 3776 942 3847 things:
959 3779 989 3832 in
1001 3777 1064 3833 that
1076 3794 1140 3832 case
1150 3793 1192 3831 we
1202 3781 1278 3830 must
1289 3775 1399 3834 choose

290 3856 340 3912 the
358 3864 422 3930 part
442 3856 506 3912 that
519 3875 610 3914 soema
622 3860 694 3914 least
709 3861 812 3930 unjust.
850 3862 908 3916 For
922 3864 951 3917 in
966 3864 1005 3917 all
1020 3880 1097 3918 cases
1108 3864 1138 3917 in
1153 3861 1244 3917 which
1258 3860 1308 3917 the
1319 3863 1399 3919 elec-

289 3945 351 3999 tion
374 3951 478 4000 cannot
501 3945 538 4000 bo
560 3946 688 4011 avoided,
711 3946 761 4002 thc
784 3948 839 4003 less
859 3951 956 4018 unjust
979 3966 1104 4004 assumes
1128 3948 1177 4004 the
1197 3948 1345 4004 character
1365 3950 1402 4005 of

288 4031 373 4101 good.
409 4032 471 4086 The
483 4031 553 4104 least
567 4033 601 4088 of
615 4033 762 4088 evilsisto
776 4035 812 4089 be
825 4033 935 4089 chosen.
971 4036 1010 4089 So
1025 4034 1169 4099 Aristotle,
1181 4034 1289 4100 Cicero,
1304 4035 1398 4099 Quiu-

292 4117 381 4172 tilian.

341 4204 394 4257 111.
431 4205 489 4258 But
502 4205 533 4257 in
546 4209 621 4259 most
639 4222 724 4268 cases,
740 4207 769 4259 in
784 4204 903 4260 dubiem
919 4210 1046 4272 matters,
1063 4205 1114 4262 the
1127 4206 1207 4261 mind
1223 4206 1299 4262 after
1315 4223 1397 4264 some

287 4291 486 4354 examinatiou‚
499 4290 566 4344 does
578 4297 628 4345 not
640 4293 747 4346 romain
761 4292 927 4355 undecided‚
938 4292 990 4346 but
1002 4293 1025 4346 is
1035 4293 1130 4347 drawn
1138 4292 1195 4347 this
1206 4309 1267 4365 way
1279 4310 1312 4348 or
1323 4292 1397 4359 that,

287 4373 325 4445 hy
339 4382 501 4446 arguments
518 4375 632 4431 derived
652 4378 727 4431 from
746 4377 796 4432 tho
811 4377 927 4448 subject,
951 4394 984 4432 or
1004 4377 1108 4450 hythe
1125 4379 1241 4450 opinion
1256 4378 1347 4434 which
1371 4381 1396 4436 it

287 4457 338 4513 has
353 4462 386 4514 oi
397 4460 480 4515 other
494 4477 560 4515 men
572 4461 634 4516 who
646 4463 754 4517 doliver
776 4462 851 4518 their
867 4464 1033 4520 sentimenta
1052 4480 1091 4518 ou
1109 4463 1159 4519 the
1173 4464 1290 4537 subject.
1335 4465 1395 4523 For
