3000 5062
126 307 194 361 Gar.
208 299 305 374 xxi]
345 303 398 358 DE
420 303 625 359 POENARUM
648 303 1013 362 COMMUNICATIONE.
1166 299 1229 361 355

342 475 416 538 ileu,
432 474 603 545 Cecropidae,
618 473 693 528 mala
707 472 797 527 multa
812 473 880 527 tuli:

344 560 401 614 Sed
416 576 519 632 nempe
533 559 600 613 tuli:
624 559 702 614 Deus
717 564 760 614 est
775 560 864 624 testis,

342 645 423 701 Nihil
437 646 538 701 horum
552 652 653 718 sponte
667 651 821 718 patratum.

127 752 309 841 Respondet
325 753 464 818 Theseus
480 752 576 837 (vers.
595 753 672 828 565,
689 758 722 816 et
738 752 837 837 seq.):

343 873 411 929 Non
424 888 471 927 me
484 871 601 944 pigebat
613 871 762 944 hospitem,
777 870 899 942 qualem,
914 870 1028 945 OEdipe,

343 960 385 1015 'l'e
399 964 490 1024 tueor,
503 959 580 1013 omni
595 958 732 1030 sospitare
746 957 777 1012 in
790 965 928 1028 tompore,

343 1045 438 1101 Homo
452 1061 513 1100 esse
527 1045 650 1100 memini.

130 1143 277 1212 Similiter
293 1142 410 1209 Thesei
426 1142 507 1209 filius
519 1143 715 1230 Demophon,
733 1134 823 1209 ⁶cum
840 1141 986 1209 Herculis
1002 1144 1118 1232 posteri
1132 1146 1230 1213 Athe-

128 1267 185 1312 nas
201 1243 420 1334 confugissent,
435 1242 479 1309 sic
495 1242 558 1309 eit:

345 1364 414 1419 Haee
428 1363 521 1434 patria
534 1367 632 1418 nostru
644 1377 757 1433 semper
771 1361 906 1419 invalidos
921 1363 1002 1428 solet,

346 1451 403 1505 Sed
414 1451 480 1520 jure
494 1449 591 1513 fretos,
605 1465 660 1519 cpe
674 1465 725 1503 sua
739 1448 902 1505 defendere.

344 1535 472 1592 Antehac
487 1536 584 1591 amicis
598 1534 675 1588 mille
688 1535 845 1590 relevandis
860 1537 926 1591 tulit

345 1620 528 1678 Discrimina:
548 1626 578 1676 et
589 1637 664 1676 nunc
676 1620 752 1674 aliud
765 1621 795 1674 in
807 1629 921 1692 promtu
933 1622 1070 1680 imminet.

129 1722 172 1786 Et
188 1721 247 1787 hec
263 1720 340 1786 illud
363 1721 478 1787 iactum
503 1729 560 1798 est,
586 1720 626 1784 ob
652 1718 735 1805 qued
752 1718 959 1785 Athenienses
976 1721 1132 1808 praecipue
1149 1745 1230 1810 prae·

130 1820 253 1886 dicabat
279 1818 503 1885 callisthenes:
528 1815 667 1890 τούτους
693 1813 764 1909 peip
789 1816 839 1886 sai
868 1816 948 1910 πρός
976 1818 1146 1914 Εὐρυσθέα
1169 1854 1232 1892 πο-

129 1921 269 2003 λεμῆσαι
291 1915 374 2013 ὑπὲρ
400 1922 468 1986 τῶν
490 1913 614 1988 παίδων
638 1920 700 1985 τοῦ
723 1912 927 2010 Ἡρακλέους
950 1924 1171 2011 τυραννοῦντα
1196 1920 1232 1992 s'v

130 2021 180 2109 τῷ
206 2014 292 2087 τότε
320 2023 377 2099 τῆς
399 2012 576 2092 ‘Ennaton
600 2020 657 2083 des
677 2019 762 2082 enim
784 2030 814 2082 et
839 2019 876 2082 in
897 2021 1087 2103 Eurysthea
1114 2023 1232 2088 bellum

130 2121 304 2206 accepim
336 2111 416 2206 “pre
444 2120 602 2185 Herculis
636 2119 758 2198 liberis,
793 2139 869 2182 eum
907 2119 1074 2186 Groeciam
1102 2126 1231 2210 Eurys·

131 2221 222 2286 thern
238 2221 413 2305 tyrannide
425 2231 593 2305 premeret.

206 2320 228 2382 3
263 2318 436 2385 contrade
453 2317 599 2383 maleficis
613 2317 673 2381 hoe
689 2314 787 2381 habes
802 2316 835 2381 in
852 2317 961 2383 eadem
979 2319 1151 2409 tragoedia:

346 2438 430 2493 Hunc
446 2439 492 2510 qui
507 2438 665 2493 facinorum
680 2436 814 2501 conscius,
830 2454 881 2491 nse
896 2437 1005 2509 legibus

346 2525 451 2580 Fidens
467 2525 503 2579 ad
518 2541 580 2579 aras
596 2523 716 2578 velvitur
731 2523 848 2595 supplex
863 2524 965 2590 Deum,

347 2611 472 2668 Trahere
487 2611 524 2667 ad
539 2610 663 2666 tribunal
677 2608 756 2663 nulla
770 2611 868 2681 religio
883 2611 966 2666 mihi:

345 2699 423 2754 Mala
436 2716 548 2771 semper
561 2713 672 2770 oequum
687 2694 764 2751 ferre
779 2698 827 2769 qui
841 2697 910 2753 iecit
924 2699 1007 2755 male.

130 2840 231 2901 Gepidse
244 2841 323 2901 perire
336 2854 420 2887 omnes
433 2841 527 2887 malunt
537 2853 609 2900 quam
621 2837 656 2885 11-
706 2839 865 2898 adducuntnr,
880 2845 937 2887 sunt
950 2856 980 2888 ex
995 2842 1087 2889 incerta
1103 2843 1234 2903 Tragoedia

129 2912 253 2970 digisalem
262 2911 377 2956 Romanis
387 2911 602 2969 autLongebardis
613 2910 656 2956 de·
707 2913 837 2973 Euripidis,
848 2917 912 2974 cpud
923 2917 1053 2973 Stobaeum,
1070 2915 1149 2962 Germ.
1158 2931 1232 2966 ιω.

129 2987 193 3034 ders.
211 2985 343 3044 Procopius
355 2984 518 3031 Gotthieoram
529 2996 564 3031 rr.
579 2984 655 3043 (Isset.
681 3000 683 3004 ⁴
707 2988 757 3034 Tit.
768 2988 806 3045 su,
818 2986 855 3046 [p.
866 2989 932 3047 3011.
962 2990 1009 3034 Ed.
1023 2990 1136 3035 Auctoris
1149 2992 1233 3049 nostri,

128 3061 232 3108 dfisceli.
242 3074 295 3120 cap.
307 3059 354 3117 27.)
706 3061 748 3120 qul
758 3061 814 3105 inde
824 3061 956 3106 versionem
966 3076 1033 3107 snam
1044 3063 1091 3108 huc
1100 3065 1233 3112 transtulit.

172 3143 183 3170 θ
197 3135 271 3195 Apud
280 3131 428 3192 Sophoclem]
444 3130 508 3177 Vide
524 3133 603 3176 totum
619 3129 656 3176 lc·
707 3133 831 3192 Incipiunt
845 3134 925 3179 Graeci
937 3148 1019 3180 versus
1031 3136 1079 3183 its:
1100 3135 1169 3196 'syo
1183 3139 1235 3201 γάρ

129 3223 197 3267 οπως
211 3214 249 3256 est
259 3208 322 3255 enlm
333 3207 397 3252 lectu
408 3206 503 3265 dignus.
707 3206 779 3252 ὅστις
788 3206 823 3263 psci
832 3207 925 3252 δίκαιον
935 3207 969 3254 ὢν
978 3208 1047 3269 dissip,
1058 3214 1104 3257 eie.
1136 3211 1164 3260 J.
1175 3213 1207 3259 B.

173 3284 185 3313 θ
209 3284 266 3330 Non
296 3281 450 3340 Demophon,
485 3279 530 3326 sed
560 3279 656 3326 chorus
749 3280 830 3326 ‘'Pro
847 3280 961 3328 Herculis
979 3282 1074 3345 liberis]
1096 3285 1160 3332 Vide
1182 3287 1235 3334 Eu.

129 3358 194 3418 apud
207 3358 361 3404 Eunrrrnms
379 3353 507 3400 Heracliti.
525 3367 585 3401 rora
603 3355 656 3411 330,
706 3355 808 3415 ripidem
827 3355 976 3416 Heraclidis,
1007 3366 1032 3407 st
1056 3362 1233 3422 Apollodorum

129 3436 152 3478 et
160 3445 224 3491 seqq.
247 3430 338 3477 Versus
347 3433 435 3485 autem,
443 3428 485 3488 qui
495 3441 551 3473 mox
561 3441 626 3475 num.
634 3431 657 3476 3.
707 3430 785 3491 (But.
797 3431 824 3478 L.
836 3444 865 3478 ιι.
875 3446 897 3480 c.
907 3433 931 3479 8.
943 3432 958 3494 ᾖ
970 3432 1006 3493 1.)

130 3509 272 3566 sequuntur,
287 3509 312 3551 st
323 3503 391 3565 quasi
403 3518 433 3550 cs
444 3502 524 3550 codem
537 3503 656 3564 hepartio

130 3721 198 3760 sucre
212 3704 281 3759 those
294 3702 441 3773 conpenset
456 3701 486 3755 in
500 3719 568 3767 war,
585 3704 654 3760 those
670 3705 764 3761 dnum
773 3708 938 3777 fronticis·
951 3717 1072 3782 muncip,
1090 3710 1158 3768 those
1175 3715 1233 3768 wto

131 3793 187 3846 had
196 3810 232 3846 no
243 3800 309 3846 nate
321 3797 346 3843 te
358 3789 443 3842 wint
455 3789 513 3860 they
524 3791 654 3861 telonpcd
694 3792 732 3847 Se
744 3794 889 3858 Aristides,
899 3796 928 3848 in
938 3797 1030 3867 praise
1041 3797 1075 3852 οἰ
1085 3797 1134 3853 the
1146 3800 1234 3857 Athe·

131 3879 221 3942 niens,
238 3893 301 3947 ssys
315 3875 378 3929 that
398 3874 506 3930 Athens
524 3893 579 3931 was
594 3876 643 3932 the
657 3878 756 3951 refuge
773 3880 819 3935 ior
833 3881 883 3936 the
896 3881 1045 3936 wretched.
1087 3885 1122 3937 In
1137 3886 1235 3940 Xeno·

131 3963 217 4034 phen,
237 3962 381 4016 Patrocles
395 3962 445 4016 the
459 3962 604 4017 Phliasion
619 3980 680 4034 says
696 3964 746 4020 the
757 3982 841 4021 same.
880 3967 919 4020 Se
934 3966 1156 4034 Demosthenem
1178 3971 1235 4025 and

133 4047 287 4119 Sophocles
312 4046 342 4100 in
365 4046 414 4102 the
439 4048 558 4119 OEdipus
584 4050 711 4104 Coloneus
718 4069 729 4111 ,-
764 4051 821 4105 and
846 4050 1024 4122 Demophon,
1049 4050 1159 4119 [rather
1184 4056 1234 4111 the

133 4134 250 4198 Chorus,
265 4133 295 4185 in
309 4132 436 4203 Euripid.
453 4134 606 4190 Herachid,
617 4152 642 4188 v.
656 4141 716 4200 330,
727 4135 777 4191 dre.
791 4138 818 4190 J.
826 4132 873 4205 B.]
909 4136 974 4191 And
988 4135 1079 4193 thiais
1091 4138 1141 4194 the
1152 4142 1234 4211 point

132 4220 178 4274 for
189 4217 279 4273 which
292 4217 475 4273 Callisthenes
490 4220 640 4292 especially
653 4222 765 4291 praised
777 4222 826 4277 the
836 4221 1001 4276 Atheniens.

185 4311 202 4360 3
226 4303 272 4359 On
285 4303 335 4358 the
349 4301 431 4358 ether
443 4303 530 4371 hand,
544 4307 573 4360 in
587 4306 636 4362 the
650 4324 727 4362 sume
739 4309 887 4379 tragcdy*,
900 4325 955 4363 ene
968 4306 1001 4362 oi
1011 4307 1060 4363 the
1073 4308 1233 4368 characters

176 4431 189 4454 ¹
210 4429 261 4476 Not
273 4429 316 4475 tho
328 4442 400 4486 nme,
416 4429 461 4476 bnt
475 4444 506 4476 nn
521 4433 645 4479 uncertain
661 4434 763 4495 tregedy
779 4434 807 4479 oi
823 4432 952 4495 Euripides
966 4434 991 4480 in
1006 4435 1130 4482 Stohmns:
1154 4436 1236 4487 um.

132 4503 299 4552 xrv.Tit.4ti.
331 4502 396 4552 J.B.

1022 4577 1136 4640 23-s
