3000 5062
121 315 192 370 Car.
208 311 305 379 xus]
495 314 546 366 DE
568 314 861 369 JUREJURlNDO.
1171 309 1232 372 107

122 482 210 548 Nam
227 479 316 567 prius
336 482 385 546 eut
407 485 439 544 et
464 473 501 545 ci
525 478 710 563 promissum
734 479 897 567 siguificat,
920 481 1076 566 posterius
1091 481 1158 566 ojus
1175 480 1231 544 im-

125 580 326 669 plementum
377 580 438 644 Est
464 576 546 644 enim
571 576 622 646 vai
639 578 869 664 promittentis:
893 581 976 645 unde
994 603 1051 667 por
1076 578 1158 662 cipio
1176 602 1231 644 ex·

124 679 262 768 plicatur
285 676 420 767 Apoe.
410 700 433 747 1.
462 675 494 754 7,
520 677 715 764 eundemque
745 699 867 743 sensum
896 679 994 744 habet
1017 682 1100 765 quod
1127 680 1207 744 hic
1199 704 1231 744 ιιι

126 785 260 876 Syriaco
275 794 333 863 est,
349 797 399 872 pre
414 783 608 871 respondens
624 783 797 849 Rabbiuico
823 796 870 868 ΓΠ
899 793 931 850 et
953 785 1119 851 Arabicum
1148 777 1230 910 (Ὦ,

125 909 280 996 quomodo
296 908 383 997 apud
403 907 640 994 jurisconsultos
662 908 822 973 Romanos
844 902 1026 985 ιιᾶλισταῆ
1045 917 1078 975 ct
1095 913 1231 996 quidni?

125 1018 208 1075 notre
220 1016 295 1076 sunt
305 1007 525 1096 respondentis
540 1007 582 1072 ad
599 1006 840 1091 stipulationem.
867 1009 931 1072 Pro
948 1007 1146 1121 implemento
1162 1034 1233 1098 pro·

126 1106 280 1174 missionis
307 1107 440 1173 sumitur
469 1106 554 1192 apud
582 1106 713 1171 Paulum
742 1107 763 1169 2
795 1105 975 1172 Corinth.
965 1129 984 1170 ι.
1015 1109 1068 1182 20,
1093 1130 1161 1173 cum
1188 1112 1233 1177 ait

128 1206 233 1274 omnia
259 1205 320 1273 Dei
345 1205 499 1294 promissa
527 1205 561 1270 iu
596 1204 722 1270 Christo
749 1226 816 1269 csso
848 1205 897 1273 voi
927 1203 979 1273 roi
1006 1202 1095 1288 ἁμήν.
1147 1209 1231 1276 Ilinc

127 1314 218 1373 vetus
238 1306 452 1372 Hebraeorum
471 1304 598 1381 dictum,
616 1307 629 1345 ⁴
632 1305 719 1389 justi
738 1305 879 1371 lumime
901 1305 951 1373 vai
970 1318 1016 1372 cet
1039 1305 1099 1384 voi,
1118 1322 1147 1375 et
1168 1334 1232 1376 noa

127 1420 173 1473 cet
195 1429 271 1474 aon.

194 1509 216 1573 3
252 1506 382 1582 Contra,
400 1525 534 1590 quorum
551 1502 635 1568 iacta
651 1523 671 1566 a
688 1499 778 1567 dictis
793 1502 979 1592 discrepant,
993 1506 1078 1593 apud
1095 1529 1148 1573 eos
1164 1531 1231 1574 esse

129 1604 242 1672 dieitur
258 1603 311 1673 rai
338 1603 391 1673 rai
417 1599 466 1680 ου’,
492 1605 513 1667 2
538 1602 680 1668 Corinth.
704 1600 874 1678 i.18,19,
901 1604 933 1668 id
960 1614 1017 1680 ost,
1047 1612 1096 1673 vol
1123 1628 1231 1671 eorum

129 1725 195 1770 esse
211 1700 262 1785 ori,
279 1711 313 1770 et
332 1699 370 1772 ου’
388 1724 456 1769 esse
479 1699 537 1769 val.
590 1700 641 1766 Sic
667 1698 783 1764 Paulus
808 1701 973 1786 Apostolus
995 1703 1062 1789 ipse
1085 1706 1231 1791 exponit:

128 1826 200 1869 uam
232 1826 303 1870 cum
329 1810 476 1892 negasset
502 1823 536 1867 se
563 1796 706 1892 ἑλαθρίᾳ
733 1795 937 1891 χρήσασθαι,
969 1803 1098 1870 levitate
1125 1828 1229 1884 uorem,

131 1903 218 1970 addit
235 1924 411 1970 sermonem
432 1923 522 1967 suum
544 1921 607 1965 nou
623 1898 718 1963 fuisse
742 1898 790 1965 voi
818 1897 871 1966 rai
897 1897 945 1967 ου’.
998 1902 1109 1968 Festus
1128 1904 1231 1969 varias

128 2002 270 2069 referens
286 2000 457 2068 sententias
473 2001 513 2066 de
530 1997 755 2087 significatione
773 1997 856 2062 vocis
872 2022 1024 2076 naucum,
1042 2002 1085 2066 sic
1102 2004 1227 2070 scribit:

130 2104 267 2189 paidom
283 2100 397 2187 (aiunt)
419 2123 458 2166 ac
472 2121 579 2184 yroeco
596 2096 667 2166 “voi
688 2095 739 2163 rai
761 2092 836 2190 οὐχὶ
865 2098 962 2164 lencm
984 2102 1142 2167 torrissem
1166 2105 1231 2189 sip·

130 2202 271 2288 spicari.
326 2199 469 2278 Quodsi
495 2198 545 2268 voi
573 2193 626 2264 roi
652 2192 689 2264 oi
713 2194 874 2262 levitatem
898 2195 1062 2286 signifieat,
1080 2202 1230 2289 sequitur,

131 2299 180 2368 roi
197 2300 259 2381 vai,
277 2296 314 2369 oi
334 2295 382 2377 οὖ,
400 2297 605 2364 constantiam
620 2293 780 2385 significet

204 2404 227 2465 4
261 2398 351 2465 Idem
368 2419 446 2486 ergo
463 2396 539 2462 dicit
561 2393 705 2460 Christus
721 2394 805 2480 quod
821 2395 950 2462 ¹Philo:
979 2385 1163 2466 κάλλιστον
1180 2428 1230 2466 και
1224 2398 1340 2503 ”affl
1315 2408 1356 2449 Μ’

130 2495 417 2618 βιωφελὲστατον
438 2496 490 2564 roi
514 2491 687 2616 oppirrov
713 2496 838 2587 λογικῇ
861 2491 964 2588 φύσει
992 2495 1033 2561 rt
1056 2493 1232 2577 ἁιώμοτον,

131 2596 233 2674 οὕτως
265 2594 437 2678 ἀληθεύειν
468 2590 526 2690 ἐφ
558 2589 703 2662 ἑκάστου
738 2565 1020 2691 icriih'ypc'un,
996 2626 1035 2667 ως
1070 2597 1147 2671 τούς
1176 2596 1234 2667 λό-

131 2726 212 2788 ‘your
237 2727 349 2790 opacus
376 2699 458 2765 εἶναι
487 2689 688 2787 νομίζεσθαι·
720 2696 887 2781 Optimum
903 2708 1001 2781 atquc
1022 2701 1235 2766 utilissimum

128 2811 159 2864 ct
181 2798 346 2864 rationali
370 2808 501 2861 tuturos
527 2795 862 2859 convenientissimum
885 2807 930 2859 eet
948 2797 1135 2879 juramento
1163 2803 1235 2866 aba·

175 2950 658 3017 ⁴1teperiturapudltuxroarrusr,1·'io·
709 2965 817 2998 merume
833 2952 857 2997 id
872 2952 936 2998 enim
951 2955 982 2999 od
997 2969 1078 3002 vocem
1095 2958 1165 3004 nauci
1179 2972 1236 3018 pro-

128 3031 329 3094 ,Qfflm
361 3028 431 3075 ,1,Β,
708 3028 870 3087 piusacccdit.

174 3116 186 3142 ι
200 3107 252 3155 Nat
267 3105 309 3153 xci
323 3104 393 3165 οὐχι]
413 3104 490 3150 Recte
500 3102 523 3147 in
535 3101 580 3147 hou
591 3100 657 3148 reru
751 3111 763 3136 ¹
780 3101 864 3161 Philo]
881 3103 919 3149 Dc
929 3104 1052 3164 decalogo.

127 3183 184 3231 roeo
193 3181 317 3243 scripseris
331 3178 394 3235 oiri,
402 3182 431 3225 ut
445 3190 509 3236 aspa
524 3176 588 3235 apud
604 3175 657 3221 llo·

128 3391 190 3445 taiu
203 3389 310 3446 future.
346 3388 414 3443 This
435 3388 542 3460 plainly
561 3402 680 3459 appears
702 3386 731 3439 in
747 3384 795 3439 tho
814 3384 903 3439 words
921 3384 954 3439 oi
969 3383 1070 3448 christ,
1085 3383 1188 3439 Mutth.
1201 3403 1234 3440 r:

128 3476 188 3531 and
199 3476 230 3530 in
240 3474 290 3530 the
302 3490 403 3529 reason
415 3474 505 3529 which
518 3474 552 3529 St
563 3474 659 3528 iumen
672 3471 893 3536 adds,r.12,leet
902 3471 996 3543 yssuit
1010 3472 1066 3526 into
1077 3473 1236 3529 ιοιιιίιιιιια·

128 3561 196 3626 tion,
209 3560 354 3631 ίτόιφισιν,
366 3561 398 3625 is,
409 3561 455 3615 leat
467 3577 500 3631 po
512 3559 809 3630 besoetadsaltaeioao.
848 3559 904 3615 See
918 3558 968 3614 tho
979 3576 1118 3632 passages.

187 3653 204 3700 2
225 3646 288 3701 'l'he
301 3662 379 3701 samo
393 3647 416 3700 is
428 3645 532 3718 proved
552 3646 591 3715 hy
607 3644 655 3699 the
671 3645 760 3700 words
775 3646 809 3700 oi
821 3645 923 3711 Christ,
942 3647 993 3702 Lct
1010 3666 1082 3719 your
1097 3649 1186 3703 words
1207 3652 1236 3704 be

128 3750 190 3804 yos,
202 3750 262 3804 yos,
273 3732 332 3786 aad
341 3750 406 3802 acy,
416 3749 490 3802 my:
504 3729 595 3785 which
613 3731 646 3785 St
658 3731 754 3787 James
769 3733 902 3804 explains,
917 3734 967 3789 Lct
979 3753 1051 3805 your
1063 3752 1115 3806 yso
1131 3738 1159 3789 te
1173 3754 1235 3804 yca,

131 3820 192 3872 aad
205 3836 278 3890 your
293 3835 360 3888 aoy,
373 3836 446 3888 acy:
465 3817 528 3871 that
539 3818 571 3881 is,
585 3816 625 3871 lot
643 3833 714 3887 your
725 3836 776 3889 yso
789 3836 871 3873 mean
883 3836 901 3873 a
915 3821 1023 3874 siucero
1036 3824 1161 3882 consent,
1179 3820 1236 3873 and

132 3920 205 3976 your
217 3920 275 3974 aoy
286 3920 304 3957 a
315 3902 439 3959 resolute
451 3901 563 3956 refusal.
601 3902 655 3957 See
668 3902 717 3956 the
729 3903 921 3958 illustratione.

188 3993 206 4043 8
229 3988 275 4043 On
295 3987 346 4043 the
367 3994 506 4060 contrary,
523 3987 605 4042 thoro
625 3987 718 4040 whose
738 3994 798 4041 acta
818 4004 867 4041 aro
887 3993 918 4041 at
933 3988 1063 4040 varianae
1077 3984 1144 4038 with
1163 3983 1238 4038 their

131 4073 225 4128 words
243 4090 292 4129 are
306 4074 388 4129 those
406 4073 498 4128 whose
511 4073 589 4127 word
604 4072 627 4125 is
642 4088 694 4141 για
712 4070 770 4123 aad
786 4088 850 4139 aoy,
865 4076 879 4123 1
894 4072 958 4124 (tor.
974 4072 990 4122 i.
1006 4076 1049 4133 18,
1066 4075 1108 4127 lu.
1128 4067 1191 4122 that
1204 4069 1237 4132 is,

131 4158 209 4214 their
227 4176 279 4231 yso
296 4160 321 4214 is
338 4178 403 4230 acy,
422 4158 479 4213 and
497 4159 572 4213 their
585 4175 642 4226 aoy
660 4157 683 4209 is
702 4172 771 4226 yec:
788 4169 819 4209 as
840 4154 875 4208 st
887 4155 958 4208 Paul
969 4152 1086 4207 himself
1101 4151 1235 4222 explains.

132 4246 189 4299 Soc
199 4245 322 4301 Festm's
334 4245 494 4316 etymology
506 4244 540 4298 oi
551 4258 678 4296 acimum.

185 4336 203 4384 4
238 4330 395 4387 'l'hereiore
414 4330 509 4384 Christ
527 4328 587 4383 said
606 4327 657 4381 tho
678 4340 755 4380 same
773 4323 855 4395 thing
871 4338 902 4377 aa
920 4323 1013 4388 Philo,
1030 4324 1093 4378 thot
1111 4321 1238 4381 thebert

133 4414 215 4487 thiug
228 4416 252 4471 la
263 4414 328 4472 that
340 4432 393 4472 our
407 4414 483 4471 word
494 4412 596 4471 should
603 4413 639 4468 be
651 4428 681 4467 aa
696 4427 749 4467 our
760 4409 837 4466 ooth.
874 4410 912 4466 So
923 4410 973 4467 tho
983 4411 1111 4477 Essenos,
1120 4413 1235 4469 accord·

133 4500 183 4573 ing
194 4508 224 4558 to
235 4500 387 4575 iosephus.
