3000 5062
98 306 165 361 Car.
180 304 262 373 XX.]
540 308 591 362 DE
615 308 753 365 POENIS.
1141 300 1204 363 257

101 475 341 557 Demosthenes,
365 472 505 541 oratione
521 477 670 543 advorsus
689 475 923 553 Aristocratem,
950 496 1140 541 communem
1158 476 1203 542 sit
1215 494 1337 543 ressa

98 596 166 640 esse
183 576 284 663 legem
306 576 387 642 inter
404 576 553 653 homines,
580 586 616 643 ιιι
638 598 709 642 euru
726 576 780 662 qui
803 586 911 642 nostra
928 575 960 641 vi
976 574 1079 663 rapiat
1099 574 1202 642 ulcisci

98 673 187 741 nobis
212 676 259 740 iss
287 675 335 742 sit.
387 678 430 741 Et
460 675 484 739 J
487 677 625 764 ugurtha
649 677 733 763 apud
764 676 888 742 Sallust'
867 687 952 754 t,1um
977 698 1046 740 cum
1074 674 1243 742 dixisset
1188 685 1324 781 tressa

99 775 309 841 Adherbalem
327 775 402 842 vitto
423 797 488 840 suae
507 798 575 841 esse
591 776 779 851 insidiatum,
806 776 904 853 addit,
923 775 1069 862 populum
1087 753 1230 841 Roma-

99 897 172 939 num
198 898 296 958 oeque
310 898 376 962 pro
404 877 482 940 hono
504 898 606 962 neque
626 898 691 961 pro
710 889 796 942 recto
811 879 987 961 sucturum
1008 877 1040 941 si
1064 877 1201 959 abysse

98 977 243 1060 gentiam
263 998 296 1041 se
307 977 537 1062 prohibuerit:
562 975 595 1040 id
619 984 666 1041 est
683 976 723 1041 ab
746 975 872 1041 ultione.
924 974 1077 1040 Aristides
1094 984 1201 1041 orator

99 1084 133 1139 et
149 1096 169 1139 a
185 1073 295 1162 poetis,
322 1083 355 1140 et
370 1096 390 1140 s
405 1073 509 1163 legum
526 1075 713 1152 auctoribus,
739 1083 772 1140 et
788 1097 808 1141 s
823 1075 1006 1161 proverbiis,
1024 1084 1056 1141 ct
1074 1076 1114 1141 ab
1132 1097 1201 1141 ora-

100 1173 229 1250 toribus,
250 1182 284 1239 et
304 1172 445 1238 omnibus
468 1174 602 1259 denique
626 1175 685 1241 hoc
708 1173 753 1240 ait
771 1173 898 1292 probari
921 1170 1099 1254 ἀμύνεσθαι
1124 1173 1200 1247 τοις
1215 1194 1322 1277 οιιιξιξ

101 1268 320 1390 ὑπάρξαντας,
343 1275 497 1339 cultionem
516 1276 603 1339 mimi
623 1277 663 1339 de
683 1276 736 1341 his
760 1277 818 1360 qui
839 1275 998 1359 injuriam
1011 1277 1128 1361 faeere
1144 1299 1201 1362 og·
1213 1241 1314 1371 ghi-¹·
1301 1250 1345 1334 'su

98 1376 203 1457 gressi
217 1385 303 1442 aaut.
356 1373 549 1439 Maccabeos
565 1373 673 1439 laudat
689 1373 897 1450 ²Ambrosius‚
916 1374 998 1459 quod
1022 1375 1116 1440 etiam
1132 1376 1201 1441 sab-
1214 1399 1352 1449 mosao

100 1473 173 1537 bato
198 1472 275 1537 ‘ulti
301 1482 374 1539 sunt
401 1471 608 1538 innocentium
637 1495 743 1538 necem
769 1473 901 1538 fratrum
927 1495 1061 1539 suorum.
1113 1474 1202 1539 Idem

99 1572 249 1638 adversus
279 1570 445 1640 Judaeos
437 1594 593 1637 incensam
620 1593 641 1638 a
668 1570 852 1638 Christianis
880 1572 1036 1638 basilicam
1062 1573 1203 1660 graviter

100 1681 266 1756 querentes
280 1672 451 1760 disputans,
470 1670 588 1737 sieait:
608 1673 659 1737 Ac
674 1684 756 1737 certe
772 1674 803 1736 si
811 1674 892 1756 jore
905 1675 1049 1789 genti-um
1064 1695 1201 1757 agerem,
1215 1687 1320 1782 ξιξξξξι

101 1773 240 1837 dicerem
265 1784 408 1858 quantos
432 1772 589 1836 basilicos
614 1774 727 1836 Jaeaet
752 1783 889 1856 ternpore
914 1774 1046 1856 imperii
1070 1774 1204 1837 Juliasi

102 1871 326 1938 incenderint:
352 1862 456 1935 ubil'
442 1893 496 1956 Jus
516 1869 655 1957 gentium
678 1878 769 1936 vocat
790 1891 848 1956 par
865 1869 934 1955 pari
956 1870 1085 1935 reierrc.
1136 1872 1204 1937 Neo

101 1968 193 2034 aliter
217 1971 301 2057 apud
317 1894 459 2036 Tacituni
482 1968 606 2036 Civilis:
630 1972 791 2055 egregium
807 1971 954 2054 pretium
980 1970 1103 2034 loboris
1122 1974 1203 2059 cepi,
1217 1988 1347 2029 usstass

102 2091 207 2135 necem
213 2072 352 2155 fratris,
379 2081 409 2135 et
425 2070 557 2135 macele
572 2091 652 2145 mea,
679 2082 708 2135 et
723 2070 919 2134 sevissimae
936 2069 1031 2152 lrrry'ras
1047 2073 1205 2137 erroro-itus

103 2190 201 2248 voces,
232 2172 350 2254 quihus
373 2171 421 2234 ad
446 2170 646 2256 ampl-icium
666 2171 792 2255 petitus
811 2168 888 2252 jure
915 2170 1060 2253 geratione
1088 2192 1205 2256 persas

101 2289 240 2353 reposco.

176 2368 200 2430 4
235 2365 298 2432 Sed
314 2365 388 2452 quia
404 2365 436 2431 in
452 2367 547 2432 rebus
563 2366 677 2432 nostris
693 2375 726 2432 ct
742 2375 919 2433 nostrorum
938 2366 1052 2434 affectu
1068 2389 1205 2433 corrum-

103 2465 215 2552 pimur,
231 2464 300 2531 ideo
317 2466 407 2531 simul
428 2467 534 2531 multas
551 2466 675 2532 familias
696 2466 728 2532 in
744 2489 840 2533 unum
865 2468 964 2532 locum
982 2476 1203 2546 convenerunt,

98 2565 219 2652 judices
243 2565 411 2644 constituti,
433 2565 532 2632 ethis
556 2566 628 2632 solis
653 2566 729 2634 data
746 2576 883 2654 potestas
902 2566 1080 2634 vindicandi
1105 2567 1203 2645 laesos,

146 2744 157 2769 ²
170 2734 319 2797 Ambrosius]
334 2735 445 2783 Eundem
454 2736 508 2783 vide
520 2736 628 2783 oratione
678 2742 763 2784 morte.

102 2815 187 2856 contra
196 2812 371 2871 Symmachum.
724 2812 1032 2873 bJusqenrtumsocarpar
1037 2813 1098 2872 puri
1104 2806 1204 2871 referre]

147 2895 158 2920 ¹
176 2886 229 2933 Ulli
242 2891 296 2933 suut
311 2887 465 2933 innocentium
482 2901 558 2933 secem
566 2887 629 2947 fiu-
680 2888 719 2934 Sic
729 2891 755 2934 et
765 2888 848 2934 Livius
857 2890 943 2935 libror.
953 2902 1005 2933 cum
1015 2887 1206 2943 Laurentesjure

103 2966 165 3006 trum
177 2962 282 3021 morum]
299 2962 361 3009 Vide
375 2962 508 3021 Josephum
519 2963 630 3021 Antiqua
679 2963 781 3022 gentium
790 2968 893 3023 uenerit
909 2964 944 3021 (c.
956 2962 1009 3020 14.)

104 3037 217 3085 Historia
229 3049 289 3084 xm.
300 3041 323 3085 1.
341 3039 370 3085 de
381 3038 502 3084 vindicata
512 3038 630 3084 Johuunis

103 3289 164 3344 said
177 3287 275 3359 (Judg.
292 3305 335 3343 xv.
353 3286 392 3353 3),
403 3288 473 3342 Now
492 3288 562 3340 shall
583 3287 604 3339 Ι
623 3288 652 3341 bc
668 3303 741 3339 merc
758 3286 891 3339 bissulcas
911 3283 976 3336 thou
995 3284 1035 3337 tho
1053 3282 1207 3339 Philistinae

105 3377 203 3445 though
228 3375 248 3427 I
266 3374 300 3427 do
327 3374 395 3426 them
416 3391 436 3425 a
456 3373 627 3443 displeesura
650 3371 724 3425 after
747 3370 814 3441 they
836 3370 893 3424 had
916 3368 1027 3439 inJured
1044 3368 1120 3433 him3
1149 3370 1206 3424 and

104 3460 197 3528 again,
211 3475 237 3513 v.
255 3464 298 3522 11,
311 3456 352 3511 As
366 3460 425 3529 they
438 3458 487 3511 did
506 3466 571 3511 unte
585 3474 626 3511 sire
639 3474 667 3511 so
684 3458 749 3511 haec
764 3458 785 3510 Ι
802 3458 868 3511 douc
890 3465 955 3509 scuto
974 3456 1050 3510 thern.
1097 3455 1135 3509 So
1156 3454 1206 3510 tho

104 3545 245 3598 Platscans
266 3544 295 3595 in
308 3543 486 3615 Thucydides
504 3543 573 3597 said.
618 3544 657 3597 So
672 3542 877 3597 Demosthenes
889 3542 998 3613 against
1009 3542 1203 3597 Aristocratcs.

106 3632 144 3685 So
159 3629 301 3700 Jugurtha
315 3631 344 3682 in
358 3630 464 3684 Sallust
476 3629 585 3700 against
599 3628 751 3684 Adherbal.
776 3629 912 3684 Aristides
926 3628 976 3683 tho
991 3634 1087 3683 orator
1105 3645 1205 3699 proves

104 3717 179 3771 from
194 3716 243 3771 thc
255 3722 344 3789 pects,
362 3716 526 3787 legislatore,
544 3721 661 3780 oratore,
680 3715 829 3771 audirem
849 3715 991 3787 proverbe,
1012 3715 1063 3770 the
1082 3714 1158 3785 right
1176 3715 1210 3770 of

104 3804 202 3873 taking
221 3820 343 3875 revengo
361 3820 399 3857 on
413 3802 494 3857 those
508 3802 570 3856 vvho
593 3802 697 3858 attach.
743 3801 880 3857 Ambroso
901 3802 1006 3873 praises
1023 3801 1073 3856 thc
1094 3802 1205 3856 Macca-

105 3888 181 3952 beos,
195 3888 266 3953 who,
280 3906 351 3945 even
360 3906 397 3943 on
412 3888 462 3943 the
476 3887 672 3960 sabbath-day,
686 3888 812 3959 avenged
825 3887 874 3942 tho
888 3886 974 3941 death
992 3887 1025 3940 of
1037 3886 1110 3940 their
1124 3886 1206 3939 inno·

105 3980 171 4026 cent
182 3972 327 4029 brethren.
356 3974 420 4028 And
432 3974 469 4028 ho
481 3981 538 4038 too,
550 3974 669 4043 arguing
681 3973 791 4042 against
801 3972 850 4026 tho
864 3972 938 4027 Jovvs
952 3970 1013 4024 who
1028 3969 1206 4040 complained

106 4057 139 4112 of
150 4057 225 4111 their
238 4074 398 4129 synagogae
409 4075 439 4113 ss
453 4059 557 4129 having
576 4058 650 4113 been
664 4058 751 4111 hamt
762 4055 799 4127 by
815 4056 864 4110 the
879 4056 1042 4117 christiana,
1056 4070 1128 4125 says,
1142 4054 1210 4123 ΙΙΙ

105 4152 174 4197 went
192 4161 266 4214 upon
286 4146 326 4198 the
341 4145 395 4197 law
409 4146 446 4213 os
455 4145 571 4213 actious,
582 4144 603 4196 Ι
614 4143 710 4197 should
725 4158 774 4211 say
789 4142 847 4194 heau
860 4158 946 4212 many
961 4140 1099 4194 Christian
1117 4140 1207 4193 heusis

106 4230 143 4298 qs
155 4229 271 4299 worship
292 4230 333 4283 ιιι
351 4229 421 4283 Jews
441 4230 522 4283 horat
544 4238 574 4282 αι
598 4228 638 4281 the
658 4228 720 4281 time
738 4227 775 4296 os
790 4226 904 4279 Julian.-
925 4224 1018 4279 vrhcre
1038 4223 1087 4279 tho
1105 4225 1157 4278 law
1176 4224 1210 4278 oi

105 4315 217 4368 natione
237 4320 268 4368 to
286 4313 390 4385 which¹
402 4312 439 4369 hc
457 4315 546 4369 refers
566 4315 598 4377 is,
617 4311 763 4383 returning
782 4311 839 4365 like
855 4310 901 4366 for
915 4310 981 4367 like.
1019 4311 1057 4365 So
1071 4310 1165 4365 Civilis
1177 4311 1207 4365 in

106 4400 228 4455 Tacitus.

164 4491 182 4539 4
208 4486 266 4540 But
280 4482 400 4541 because
412 4484 441 4539 iu
454 4484 548 4556 thihgs
559 4483 649 4538 which
661 4498 781 4540 concern
792 4499 825 4539 us
837 4482 893 4538 and
906 4499 979 4549 curs,
993 4500 1035 4538 wo
1046 4500 1095 4538 arc
1107 4482 1208 4539 misled

1064 4584 1106 4652 17

210 4634 328 4723 [uo
345 4633 395 4722 u]
