3000 5062
305 293 369 357 318
751 304 803 356 Dll
825 303 964 358 POENIS.
1285 297 1361 368 [Lan.
1375 301 1414 355 II.

305 474 372 532 tum
389 464 432 531 ad
448 464 588 552 publicas
605 461 985 530 virtutes.V1drtethoc
1002 464 1168 539 Homerus,
1184 461 1239 548 qui
1257 462 1413 551 Odyssea

138 583 187 623 Ver
197 584 264 632 Μ
305 572 395 630 sexto
422 573 456 630 et
483 572 594 630 octavo
620 562 796 629 hominibus
823 559 1020 687 ὑβρισταῖς
1030 560 1081 630 uui
1110 558 1248 653 ἀγρίοις,
1265 565 1361 647 seria
1381 576 1412 630 et

137 639 191 715 ili.
197 675 239 721 ὅτι
305 666 395 780 ispius
397 666 450 740 tae,
477 662 607 750 opponit
633 683 686 728 eos
711 658 886 747 quibus'
852 690 920 734 νοος
945 657 1021 730 ἐστι
1013 653 1189 742 θεουδης,
1216 683 1307 728 mens
1334 664 1412 729 reli·

305 764 408 847 piosa.
437 762 490 829 Sic
505 763 690 828 Judaeorum
708 769 849 827 veterum
865 754 1036 846 1¹justitiam
1052 758 1203 847 religione
1219 759 1411 846 permixtam

140 878 291 920 cremus
305 861 415 927 laudat
439 882 479 927 ex
502 862 608 949 Trogo
632 860 657 925 J
660 859 799 937 ustinus3
825 859 904 925 sicut
928 858 1052 924 eosdem
1074 858 1204 925 Judaeos
1223 858 1343 925 Strabo
1366 853 1411 929 ‹lc-

140 927 259 1021 mill
306 963 594 1054 καεοπραγοῦντας
610 989 661 1028 και
654 954 870 1043 ευσεβεῖς
847 988 886 1031 ως
904 951 1072 1037 ἇληθῶς”
1054 986 1163 1030 ouras.
1204 957 1408 1025 Lactantius·

141 1077 179 1160 ¹3⁸⁸
172 1078 252 1161 im*
306 1062 338 1126 si
362 1083 437 1146 erpo
459 1062 570 1146 pictae
598 1071 645 1124 eet
667 1079 851 1142 cognoscere
876 1059 993 1133 Deum,
1013 1059 1107 1137 cujus
1126 1058 1324 1141 cognitiones
1342 1060 1412 1126 hac

78 1146 89 1165 ’
306 1180 435 1224 summa
454 1167 502 1224 eat
524 1166 562 1222 at
584 1180 656 1223 eum
673 1158 770 1232 colna,
787 1159 921 1240 iyaorat
937 1158 1239 1241 eciqaejcsciciam,
1256 1177 1317 1240 que
1310 1157 1411 1223 reli-

304 1259 432 1340 qioacm
447 1259 515 1322 Dei
530 1278 594 1321 oon
612 1267 700 1322 tacet.
745 1257 909 1335 Quomodo
925 1257 1011 1320 caim
1021 1267 1128 1338 potest
1143 1277 1216 1320 cam
1235 1275 1328 1320 acere
1351 1258 1410 1341 qui

140 1364 273 1453 3⁶7me
305 1357 391 1419 aede
420 1356 550 1419 oriatur
579 1353 739 1438 iquos-at?
784 1354 873 1418 Idem
901 1352 992 1419 alibi:
1017 1353 1172 1437 religioni
1194 1365 1243 1420 est
1261 1356 1410 1440 propria

299 1454 447 1532 justicia,

375 1553 396 1615 6
430 1548 455 1613 J
456 1570 507 1615 am
524 1570 600 1614 vero
621 1547 770 1634 majorem
791 1548 884 1615 etiarn
901 1571 990 1616 usum
1007 1548 1103 1615 habet
1119 1547 1229 1636 religio
1244 1547 1279 1614 in
1295 1549 1409 1636 majori

304 1647 467 1735 illaquam
483 1647 516 1712 in
532 1647 615 1714 civili
626 1647 784 1725 societate,
799 1648 873 1734 quia
889 1648 922 1713 in
938 1647 1021 1715 cirili
1036 1655 1159 1734 partem
1175 1646 1243 1732 ejus
1258 1649 1410 1735 supplent

304 1747 390 1835 leges
412 1755 446 1812 et
469 1745 567 1812 facilis
590 1747 695 1836 legum
724 1746 900 1813 exsecutio:
922 1768 992 1811 cum
1019 1754 1128 1811 contra
1153 1744 1186 1809 in
1211 1766 1327 1834 magne
1352 1747 1410 1813 illa

305 1844 526 1911 communitate
537 1845 618 1931 juris
640 1844 797 1911 exsecutio
819 1845 860 1910 sit
885 1843 1071 1919 difficillima,
1089 1851 1125 1910 ut
1141 1865 1213 1929 quae
1232 1842 1292 1909 nisi
1308 1845 1408 1912 armis

305 1943 427 2029 expleri
444 1952 588 2031 nequeat,
606 1952 639 2010 et
654 1944 741 2033 leges
757 1942 967 2030 paucissima:
992 1963 1063 2028 quae
1079 1942 1156 2028 ipsae
1172 1941 1298 2028 insuper
1318 1965 1410 2009 sanc

304 2042 463 2108 timoniam
490 2064 577 2109 suam
599 2041 717 2108 habent
742 2041 897 2129 praecipue
921 2063 942 2106 a
963 2050 1050 2106 metu
1074 2040 1226 2117 numinis;
1252 2041 1410 2128 undequi

305 2138 337 2204 in
352 2140 406 2226 jus
422 2141 561 2229 gentium
583 2149 722 2227 peccant,
746 2140 886 2206 divinum
906 2138 959 2225 jus
976 2138 1094 2204 violare
1116 2139 1229 2225 passim
1246 2139 1406 2206 dicuntur.

304 2239 377 2302 Non
394 2239 474 2304 male
491 2261 568 2327 ergo
584 2238 765 2327 religionem
778 2239 1017 2304 contaminatam
1034 2238 1076 2303 ad
1093 2237 1227 2303 omnium
1244 2240 1408 2326 pertinere

251 2423 258 2438 ι
217 2336 448 2423 injuriam
465 2337 573 2403 dixere
590 2338 809 2423 Imperatores.

380 2436 480 2502 XLV.
533 2439 552 2500 1
588 2437 635 2500 Ut
659 2458 726 2501 rem
750 2444 848 2501 totam
871 2432 1005 2520 penitius
1022 2433 1280 2520 introspiciamus,
1295 2443 1408 2503 notan·

303 2533 378 2599 dum
404 2542 461 2609 est,
488 2533 668 2621 religionem
693 2555 810 2610 veram,
834 2555 905 2620 qua
929 2532 1067 2598 omnium
1091 2542 1220 2599 aetatum
1237 2535 1410 2601 communis

347 2704 359 2739 ἱ
388 2704 514 2750 Jcsusiom
536 2704 651 2764 relictoue
674 2703 829 2764 permittam]
878 2704 963 2762 Deum,
978 2705 1036 2751 etin
1051 2704 1265 2766 hominesy'uetitin,
1280 2708 1410 2771 (geg-378

302 2780 373 2828 Philo
390 2779 446 2826 Vita
461 2779 611 2825 Abrahnma':
628 2779 674 2831 τῆς
688 2780 766 2832 αὐτῆς
779 2779 829 2836 dai·
878 2779 919 2839 n.)

302 2855 366 2904 cenis
378 2856 450 2902 ἔστιν
464 2855 554 2913 εὐσεβῆ
563 2869 595 2899 τε
608 2853 671 2899 εἶναι
685 2851 726 2898 eat
737 2851 830 2910 φιλάν-
925 2854 1112 2916 marmana]
1137 2855 1261 2902 nudatus
1284 2856 1409 2904 clementi

302 2929 409 2989 θρωπον,
424 2928 540 2988 καὶπερὶ
557 2933 604 2973 τὸν
620 2927 698 2973 αὑτὸν
710 2926 830 2985 ἑκάτερον
878 2928 1050 2976 Alexandrino.
1083 2929 1159 2990 [Cap.
1170 2943 1204 2976 vn.
1217 2945 1275 2991 pag.
1286 2930 1324 2978 66.
1354 2931 1409 2980 Ed.

301 3002 404 3059 ὁσιότης
423 3004 468 3062 μὲν
484 3003 548 3061 πρὸς
562 3001 626 3058 θεὸν,
645 3001 785 3054 δικαιοσύνη
804 3001 828 3046 eil
880 3003 955 3050 Oxou.
966 3005 1008 3050 nbi
1017 3007 1065 3050 tria
1074 3005 1155 3064 priora
1163 3006 1235 3050 werbe
1245 3004 1352 3066 desunt]
1369 3007 1410 3053 Ex

301 3080 365 3138 πρὸς
380 3078 509 3137 ἄνθρωπον
524 3076 665 3135 θεωρεῖται·
680 3074 781 3132 dudem
796 3079 830 3120 oei
877 3076 920 3123 illo
935 3078 1030 3123 videtur
1039 3079 1085 3124 hoc
1099 3079 1227 3138 promissa
1242 3080 1334 3126 Seneca
1351 3081 1408 3128 Lib.

300 3160 394 3202 nature
402 3154 537 3215 religiosam
542 3152 739 3199 meetiominum
745 3165 830 3197 nm
878 3163 924 3197 ru.
935 3165 956 3198 c.
964 3154 1001 3198 80.
1011 3152 1158 3198 naturalium
1167 3154 1341 3213 questionum:
1355 3156 1410 3214 ipos

301 3233 361 3276 tem:
378 3225 830 3290 apudmndemepecsanturpicasin
878 3225 959 3285 quiea
977 3230 1074 3284 tractat,
1092 3227 1409 3290 quicosdidit,qnitotun

301 3472 351 3529 the
365 3478 488 3545 greatest
504 3490 563 3538 use,
581 3473 652 3530 both
670 3475 700 3528 in
721 3475 757 3529 its
775 3474 891 3544 bearing
906 3489 984 3544 upon
1002 3473 1111 3544 private
1133 3471 1190 3526 and
1209 3487 1287 3543 upon
1307 3471 1407 3543 public

301 3558 415 3613 virtues.
452 3559 490 3611 So
500 3559 608 3612 Homer
619 3574 746 3629 opposes,
758 3565 788 3612 to
800 3559 865 3611 wild
877 3559 933 3611 and
942 3560 1038 3628 unjust
1052 3574 1126 3621 men,
1137 3556 1219 3611 those
1230 3557 1293 3610 who
1303 3556 1376 3611 hare
1387 3574 1408 3612 a

301 3640 433 3709 religione
451 3641 538 3695 mind.
578 3643 617 3696 So
629 3643 848 3711 Justin'praises,
866 3644 895 3696 in
915 3643 964 3698 the
982 3645 1095 3698 ancient
1112 3643 1195 3707 Jews,
1212 3641 1288 3696 their
1300 3643 1406 3712 justice

300 3723 396 3776 mixed
411 3723 476 3776 with
492 3725 625 3794 religion:
648 3726 705 3778 and
716 3742 747 3779 so
761 3726 872 3779 Strabo.
909 3727 948 3782 So
961 3729 1123 3784 Lactantius
1138 3743 1201 3798 says
1215 3726 1279 3782 that
1291 3726 1328 3782 he
1341 3725 1406 3782 who

301 3808 387 3862 ianm
397 3807 528 3877 religione
543 3808 610 3862 does
621 3815 673 3864 not
686 3809 768 3863 know
782 3809 857 3863 what
867 3812 969 3881 justice
983 3815 1014 3868 ia

355 3897 372 3947 6
394 3892 458 3947 And
472 3893 590 3963 religion
606 3895 630 3948 is
650 3911 721 3949 even
738 3911 818 3949 more
835 3896 928 3950 ueeful
941 3898 970 3950 in
989 3898 1051 3954 thet
1062 3899 1155 3969 larger
1168 3897 1275 3968 society
1294 3891 1340 3967 [of
1354 3895 1405 3952 the

301 3979 408 4033 human
422 3973 498 4047 racc]
513 3978 581 4033 thau
597 3980 626 4032 in
639 3979 702 4033 civil
714 3981 820 4052 society
828 4000 837 4045 ;
855 3983 931 4036 since
943 3983 972 4037 in
985 3983 1033 4038 the
1047 3985 1140 4048 latter,
1154 3984 1190 4038 ita
1205 3982 1286 4054 place
1299 3982 1324 4035 is
1339 3998 1406 4052 sup·

301 4065 379 4136 plied
390 4065 428 4136 by
444 4065 519 4129 lawe,
534 4066 591 4118 and
605 4065 654 4120 the
669 4082 735 4137 easy
746 4068 893 4122 execution
908 4067 941 4122 of
951 4068 1033 4133 laws;
1054 4068 1137 4122 while
1151 4085 1188 4123 on
1203 4067 1252 4122 the
1264 4072 1404 4135 contrary,

302 4152 332 4203 in
346 4150 409 4205 that
423 4150 509 4204 wider
528 4151 708 4222 community,
724 4151 773 4206 tho
788 4154 934 4207 execution
952 4153 986 4207 of
996 4153 1049 4206 law
1069 4155 1092 4208 ie
1109 4170 1176 4224 vory
1188 4153 1313 4216 difficolt,
1326 4152 1405 4206 sinoe

302 4236 326 4289 it
343 4253 396 4289 can
411 4236 477 4306 only
489 4235 525 4289 be
539 4236 648 4289 carried
663 4237 723 4290 into
743 4236 826 4291 effect
837 4238 875 4309 by
889 4255 973 4302 arms,
986 4239 1042 4291 and
1054 4238 1103 4293 the
1115 4238 1182 4294 lawe
1196 4254 1245 4292 are
1256 4254 1324 4308 very
1337 4237 1402 4291 few.

302 4320 367 4374 And
380 4321 458 4375 theeo
470 4327 518 4374 too
530 4320 601 4375 hare
613 4320 688 4375 their
699 4323 826 4377 sanction
838 4324 943 4395 meinly
956 4324 1030 4378 from
1045 4322 1095 4378 tho
1113 4324 1177 4379 sear
1195 4323 1229 4377 of
1247 4323 1296 4378 the
1310 4322 1406 4377 divine

302 4421 413 4474 power:
428 4405 590 4471 sndhence,
602 4405 669 4478 they
677 4406 740 4463 who
751 4414 905 4480 transgrcss
915 4408 964 4464 the
971 4410 1051 4464 Laws
1066 4409 1099 4465 of
1107 4409 1137 4464 N
1137 4408 1237 4474 atione,
1247 4424 1297 4463 are
1307 4423 1405 4479 every·
