3000 5062
303 268 367 331 354
526 274 578 328 DE
600 271 804 329 POENARUM
827 272 1191 330 communicamus.
1279 270 1360 347 [Lis.
1377 277 1419 332 ΙΙ.

377 445 398 508 2
432 442 514 507 Erat
530 441 614 528 apud
632 440 837 507 Athenienses
859 441 925 507 Ara
941 439 1180 525 Misericordiae,
1197 441 1288 529 cnjus
1304 445 1418 509 memi-

137 558 254 599 ttb-toeu
303 552 418 609 nerunt
441 541 577 618 5Οἰοονο,
597 540 780 619 Pausanias,
802 541 956 617 ‘Servius
981 540 1076 606 etiam
1094 542 1289 629 Theophilus
1305 543 1340 608 in
1361 544 1416 608 In-

136 606 281 701 lli‘eih.
303 640 522 718 stitutionibus,
540 648 573 707 ct
589 662 683 727 quam
698 642 762 706 late
782 640 928 707 describit
949 639 1100 728 Papinius
1118 640 1303 707 duodecimo
1330 646 1417 711 Tbe-

304 746 427 810 beidos.
470 742 513 808 At
528 740 639 827 quibus
655 742 784 828 patebat
798 741 879 807 illa?
917 740 1007 807 Audi
1023 746 1149 829 peilam
1165 743 1262 827 (vers.
1281 745 1389 827 483):

651 863 689 917 Et
704 862 799 917 miseri
812 861 907 917 iecere
921 877 1044 917 sacrem:

303 986 377 1029 mox
393 959 570 1029 convenisse
584 983 622 1028 eo
638 961 684 1027 ait
699 962 791 1043 (vers.
811 960 908 1045 507):

622 1083 721 1137 Victos
735 1081 816 1136 bellis
830 1081 977 1153 patriaque
991 1098 1009 1135 a
1023 1081 1090 1139 sedo
1103 1078 1224 1153 fugatos,

477 1171 696 1242 Regnommqne
710 1169 817 1239 inopes.
1078 1177 1083 1183 ·

139 1284 265 1373 ὣςχᾏὸχ
273 1338 282 1369 ¹
304 1268 457 1334 Aristides
481 1260 661 1354 bpropriam
682 1264 916 1333 Atheniensium
936 1266 1060 1333 landem
1083 1288 1150 1333 csse
1172 1266 1228 1347 ait,
1253 1266 1319 1353 τήν
1341 1274 1411 1340 τῶν

282 1356 517 1461 ’πανταχόθεν
539 1360 792 1459 δυστυχούντων
815 1360 981 1462 ὖποδοχῆν
1005 1364 1057 1433 καὶ
1079 1369 1299 1459 παραμυθίαν,
1321 1375 1410 1459 quod

302 1470 448 1534 omuibus
472 1469 612 1552 undiquc
632 1468 817 1550 infelicibus
832 1469 987 1553 persupio
1010 1490 1052 1533 ac
1075 1469 1192 1534 sedatio
1220 1483 1310 1537 essct.
1364 1473 1409 1537 Et

366 1568 395 1634 't
421 1569 489 1640 τοῖς
507 1562 577 1635 ιιαθΙ
601 1561 759 1639 ἑκάστους
776 1564 940 1661 ἀτυχοῦσι
960 1565 1047 1647 scauri
1064 1570 1166 1635 πᾶσιν
1187 1565 1333 1640 ὕπεστιν
1355 1568 1409 1640 εὖ·

179 1650 196 1708 Ι·
224 1650 245 1708 ¹⁸
302 1669 416 1761 τυχῖιι,
433 1664 548 1749 ederis
569 1662 699 1739 πόλεως
717 1664 842 1747 ταύτης
858 1658 930 1747 ἦθος
948 1662 1005 1761 ὕφ’
1023 1661 1060 1735 οὗ
1076 1662 1250 1762 σώζονται·
1276 1674 1331 1739 leis
1348 1676 1409 1759 qui

302 1771 409 1835 cubicis
426 1770 566 1834 beorum
582 1768 727 1853 infelices
742 1776 827 1842 suut,
844 1770 1020 1833 communis
1036 1769 1083 1834 cis
1099 1790 1167 1833 uua
1186 1781 1232 1836 est
1238 1772 1406 1857 filicitas,

302 1872 430 1935 beatitas
463 1870 611 1935 civitatis
639 1868 853 1942 Atheuiuasie,
877 1889 942 1953 per
970 1889 1071 1953 quam
1095 1868 1216 1935 salutis
1246 1885 1409 1957 compotes

294 1972 390 2053 flerat.
442 1967 536 2054 Apud
570 1966 809 2053 Xenophontem
831 1966 990 2031 Patrocles
1019 1966 1173 2033 Phliasius
1199 1967 1231 2033 in
1261 1971 1407 2038 oratione

136 2078 271 2165 {iffif'ff-
301 2090 394 2156 quam
412 2067 543 2134 Athenis
559 2066 715 2132 babebat:
732 2061 870 2159 ἐζήλουν
881 2059 980 2147 τήνδε
996 2062 1060 2146 τήν
1076 2060 1186 2145 πόλιν,
1203 2064 1258 2136 ὅτι
1274 2066 1407 2145 πάντας

214 2151 220 2164 .
301 2165 354 2236 rai
372 2165 449 2241 τοδς
468 2159 682 2249 ἀδικουμένους
698 2166 749 2234 καὶ
765 2161 841 2241 roris
859 2160 1083 2291 Pussouue'uous
1101 2160 1215 2235 ἕυθᾶδο
1231 2168 1407 2263 καταφεύ-

300 2297 426 2357 γοντας
455 2264 638 2354 ἐπικουρίας
662 2259 826 2344 δεομένους
857 2295 971 2347 ηκουον
1001 2262 1193 2358 τυγχάνειν·
1221 2270 1407 2337 medabam

299 2370 519 2443 liutwardum,
544 2369 631 2453 quoti
646 2388 752 2432 ornnes
776 2378 836 2431 aut
852 2366 980 2450 injuria
999 2369 1139 2451 affectos,
1157 2380 1216 2432 eut
1236 2370 1304 2434 sibi
1313 2394 1407 2456 prm·

300 2480 481 2545 met-uestes,
505 2471 534 2532 si
557 2469 620 2531 buc
634 2468 861 2553 perserpisseut,
884 2467 1007 2532 aemilii
1031 2479 1188 2552 compotes
1202 2469 1281 2551 fieri
1306 2471 1406 2537 iutel-

301 2569 452 2633 lereram.
505 2565 592 2630 Idem
617 2586 724 2629 sensus
746 2574 794 2631 est
814 2564 847 2629 in
868 2563 998 2651 epistola
1013 2566 1232 2632 Demosthenis
1254 2588 1313 2653 pro
1336 2570 1406 2658 Ly-

299 2665 387 2752 curgi
403 2662 518 2729 liberis.
546 2665 657 2748 Itaque
675 2662 815 2749 OEdipus
834 2663 876 2729 ad
895 2663 1044 2729 Colonum
1062 2664 1251 2755 confugiens,
1274 2666 1308 2733 in
1334 2669 1405 2757 ejus

297 2761 428 2828 nominis
439 2760 603 2851 trsgoedia,
613 2761 714 2848 capud
726 2761 910 2849 Sophoclem
920 2763 965 2829 ita
973 2771 1107 2830 testetur
1117 2767 1293 2850 (vers.52l,
1306 2773 1382 2856 etc.)
1395 2794 1405 2839 c

296 2920 413 2970 Ludovici
424 2920 455 2967 ad
469 2933 495 2966 se
504 2919 675 2980 profugerant:
692 2918 824 2982 Aymonias
874 2934 921 2967 ana
930 2921 978 2969 xri.
988 2923 1025 2969 18.

297 3000 349 3047 Lib.
360 3012 385 3047 ν.
400 3012 452 3058 cap.
462 2999 501 3044 sl.
530 2996 569 3043 De
583 2997 682 3057 Cegena
696 2996 824 3044 Pateinaca
919 2996 930 3025 ³
944 2999 1018 3057 Apud
1029 2998 1185 3047 Scholiastem
1195 3000 1274 3060 Stetit,
1284 3004 1311 3049 in
1322 3004 1405 3057 men.

296 3089 344 3122 non
361 3074 442 3121 dedito
455 3073 589 3134 postulanti
604 3073 712 3135 Tyracho
728 3073 783 3120 vide
797 3072 823 3119 iu
874 3084 923 3119 ιιι.
935 3074 989 3121 481.
999 3074 1040 3120 ubi
1049 3074 1118 3135 qrmsi
1127 3089 1157 3121 ex
1168 3075 1240 3123 Libro
1250 3078 1404 3129 Tuscum

296 3148 689 3197 Constantiniblonomaclrirebus
697 3148 822 3205 Zonaram,
873 3161 927 3193 rum
943 3148 967 3193 id
980 3149 1061 3197 refert.
1092 3150 1140 3196 Sed
1157 3151 1190 3196 nil
1206 3152 1237 3198 de
1251 3166 1281 3199 ea
1296 3156 1351 3202 Ara
1366 3159 1404 3205 ibi

295 3225 435 3283 (Linxvn.
450 3223 551 3284 capili.
585 3222 713 3284 πλὴν.)
744 3222 784 3268 sie
797 3226 823 3269 et
872 3223 1000 3284 reperitur.
1030 3224 1058 3271 J.
1068 3225 1102 3272 Β.

296 3301 414 3347 Osmanes
438 3302 469 3346 ab
490 3300 611 3359 Inungino
632 3299 747 3359 praeiecto
773 3311 821 3344 nou
916 3298 1053 3361 ιδετυίιιι]
1066 3299 1109 3346 Ad
1120 3301 1317 3365 v111.AEneidos‚
1328 3305 1402 3365 (vesu.

294 3377 390 3425 deditus
407 3376 527 3423 Eskisari:
542 3374 701 3421 Leunolarins
714 3373 776 3418 libro
791 3386 819 3418 ιι.
871 3374 935 3433 342.)

294 3452 410 3501 Historia
425 3453 536 3501 turcico.
566 3449 758 3510 Albaqucreium
770 3450 821 3495 Ln-
917 3448 1076 3509 bProprium
1095 3450 1270 3499 Atheniensium
1290 3452 1401 3519 laudem]

196 3550 201 3559 ·
294 3527 366 3573 situni
376 3540 424 3571 non
438 3527 558 3581 dedidere,
573 3529 601 3570 ut
613 3528 732 3569 memoret
746 3523 821 3569 Muri-
872 3524 951 3579 Quam
958 3525 1098 3585 Arragonlis
1106 3526 1190 3574 tribuit
1196 3528 1352 3581 blarianaxx.
1360 3536 1401 3582 13.

294 3762 371 3803 some
391 3743 462 3799 mle.
504 3745 566 3800 Τοο
589 3744 766 3799 Chalcidians
788 3746 881 3801 would
903 3756 954 3804 not
976 3751 1039 3822 gire
1062 3768 1101 3824 up
1123 3750 1264 3823 Nauplius
1286 3756 1318 3807 to
1346 3752 1400 3809 tho

293 3832 447 3894 Achaians3
468 3830 522 3886 but
536 3830 585 3885 the
600 3847 683 3886 cause
698 3832 721 3885 is
735 3830 836 3896 added,
847 3833 968 3890 because
982 3838 1019 3892 he
1031 3837 1088 3892 bad
1101 3838 1268 3910 sufficiently
1282 3837 1398 3895 cleared

293 3918 410 3974 himself
420 3917 495 3973 from
509 3917 559 3974 tho
571 3919 746 3972 accusatione
759 3918 792 3973 oi
803 3918 853 3974 the
867 3920 1015 3978 Achaious.

347 4013 364 4060 2
386 4006 479 4061 There
494 4023 549 4060 was
563 4013 594 4059 at
604 4003 712 4058 Athens
724 4022 761 4058 an
773 4005 854 4060 Alter
869 4008 902 4061 oi
919 4008 1025 4080 Mercy,
1041 4009 1204 4066 mentioned
1216 4009 1254 4082 by
1267 4010 1398 4076 Cicero*,

292 4093 455 4157 Pausanias,
474 4093 596 4155 Servius,
614 4090 794 4162 Theophilus,
815 4094 872 4147 and
894 4094 1041 4149 described
1058 4104 1089 4150 at
1109 4096 1208 4167 length
1230 4097 1268 4168 by
1287 4097 1397 4152 Statius

292 4181 321 4233 in
336 4180 379 4233 his
399 4179 524 4233 Thebaid.
562 4178 619 4231 But
629 4183 660 4230 to
677 4177 768 4231 whom
783 4196 838 4233 was
853 4181 876 4235 it
888 4181 1057 4235 accessible?
1090 4183 1152 4237 The
1166 4189 1234 4254 poet
1248 4198 1320 4254 says,
1341 4184 1397 4237 Tire

290 4266 428 4320 niiserable
441 4266 520 4318 modo
536 4264 559 4317 it
572 4264 684 4317 sacred:
703 4264 758 4318 and
773 4265 851 4330 adds,
866 4266 929 4321 that
943 4268 1012 4321 those
1025 4269 1083 4321 wlco
1099 4286 1173 4324 come
1189 4270 1303 4340 metirer
1316 4270 1396 4334 there,

336 4382 349 4405 ¹
366 4379 462 4435 Quoted
473 4379 504 4438 by
514 4378 556 4424 the
567 4378 685 4426 Sclroliast
695 4394 726 4425 on
738 4381 836 4437 Statius,
851 4382 921 4429 nco.
933 4396 983 4430 ιιι.
994 4386 1046 4441 481,
1057 4384 1137 4432 where
1148 4384 1179 4431 he
1190 4386 1265 4432 reicis
1280 4386 1299 4431 it
1310 4390 1337 4431 to
1353 4386 1395 4433 the

289 4454 424 4500 Tusculano
435 4469 442 4499 ι
457 4454 500 4497 bnt
510 4452 535 4497 ln
545 4453 599 4499 that
609 4458 675 4500 work
687 4456 755 4502 there
766 4456 786 4500 is
796 4456 899 4516 nothing
909 4458 984 4505 about
993 4459 1051 4505 such
1061 4472 1092 4504 an
1103 4459 1174 4505 altar.
1204 4459 1220 4507 J
1223 4460 1266 4507 .B.
