3000 5062
673 499 818 566 CAPUT
841 499 965 565 XVIII.

582 673 635 729 DE
658 671 915 728 LEGATIONUM
936 669 1045 727 JURE.

305 827 329 879 1.
371 825 550 897 Obliqationee
587 828 721 900 waedam
759 845 791 882 ea

366 914 431 985 jure
448 914 567 984 acutium
588 915 671 980 nuci,
697 923 726 970 ut
743 915 791 988 jus

372 999 543 1069 locationum.

298 1085 336 1141 II.
370 1085 447 1139 Inter
462 1103 526 1156 qssoe
544 1087 631 1140 locum
647 1086 749 1141 habeat.

289 1171 343 1227 III.
372 1169 420 1223 Aa
442 1188 543 1243 semper
569 1173 736 1228 admittenda
756 1173 790 1227 ie-

370 1256 454 1327 natio.

288 1341 339 1398 IV.
371 1339 507 1397 Aduersus
526 1342 623 1414 ἱιραιρι
638 1342 791 1414 montosa

946 842 991 880 ιιιι
1003 841 1058 879 nou
1071 833 1116 878 est.

865 913 916 969 VI.
945 912 1056 966 Hostem
1070 909 1109 963 ad
1121 926 1198 980 quem
1218 906 1313 961 ιιιίιιιιι
1330 914 1368 969 est

947 999 1049 1069 boatus
1060 995 1159 1050 teneri.-

860 1084 926 1138 VII.
951 1085 1006 1138 Nee
1014 1082 1190 1154 oppouiposee
1192 1079 1365 1152 jactationis.

853 1171 935 1226 VIII.
948 1171 1000 1225 Jue
1017 1171 1064 1223 tsoc
1078 1177 1102 1222 et
1116 1167 1155 1221 ad
1171 1167 1275 1221 comites
1296 1165 1368 1234 uqa.

950 1264 1039 1312 torum
1050 1253 1159 1327 porriyi
1166 1271 1176 1306 .·
1190 1252 1307 1324 silenati
1320 1268 1368 1304 uo·

948 1343 1056 1398 limmat.

370 1427 503 1482 molientes
532 1429 708 1500 defensionem
734 1430 791 1483 lici·
864 1429 917 1483 DL
948 1429 989 1483 Et
1002 1429 1041 1482 ad
1054 1429 1124 1482 borsa
1137 1423 1254 1480 mobilia.

372 1516 781 1586 tammooeeaettonempoenoe.
871 1516 909 1568 X.
944 1515 1080 1585 Enempla
1110 1510 1286 1583 oblinatiouie,
1310 1507 1368 1563 sine

296 1598 333 1654 V.
371 1599 559 1669 Leyatiouie
542 1619 607 1673 jure
631 1619 686 1655 nou
709 1599 791 1656 tenori
948 1600 1079 1672 uomet·
1064 1616 1135 1672 yure.

371 1702 440 1748 tum,
459 1687 498 1740 ad
515 1705 592 1758 quum
609 1688 710 1758 leontius
727 1689 790 1742 mis-
865 1686 919 1741 XI.
949 1685 1053 1755 Quanti
1063 1687 1098 1740 eit
1109 1685 1206 1757 hoejue
1218 1679 1363 1754 ῖιραιίοιιιέι.

265 1833 291 1899 Ι.
391 1834 593 1903 ACTENUS
616 1859 654 1903 ca
670 1833 917 1912 memoravimus,
943 1857 1014 1922 quae
1031 1855 1071 1900 ex
1085 1833 1158 1921 juro
1174 1840 1295 1898 natura
1311 1829 1366 1896 de·

406 1935 520 2002 buntur
536 1935 634 2014 nobis,
652 1935 758 2023 paucis
775 1936 930 2001 duntaxat
950 1933 1065 2000 additis
1082 1934 1121 1999 de
1141 1931 1280 2022 gentium
1292 1929 1367 2016 jure

263 2031 448 2112 uoluntario,
466 2044 619 2122 quatenus
639 2035 680 2101 ab
698 2057 735 2101 oo
759 2035 876 2122 aliquid
895 2042 966 2100 erat
983 2032 1049 2120 juri
1071 2041 1194 2099 naturae
1216 2028 1366 2117 superad-

308 2211 316 2241 ¹
331 2210 350 2259 J
352 2227 380 2258 ue
389 2212 558 2274 Lemincum,
569 2215 593 2260 iu
606 2228 632 2260 ee
647 2217 790 2274 spectatum,
841 2215 913 2269 tores,
923 2210 1051 2258 comitasse
1060 2209 1181 2266 attinebit,
1190 2208 1210 2255 si
1220 2207 1273 2268 quis
1283 2218 1367 2252 eorum

263 2301 318 2334 vers
328 2289 405 2334 oritur
414 2303 429 2334 a
439 2288 502 2335 Jnre
512 2288 631 2342 Naturali,
646 2293 674 2334 ut
685 2287 790 2333 ostendit
841 2301 913 2348 quem
924 2287 1031 2348 pulsasse
1044 2286 1094 2333 stre
1106 2285 1217 2346 iujuriam
1227 2283 1313 2331 secisse
1326 2294 1366 2326 nr·

262 2362 475 2420 Purrnnonerus,
489 2361 529 2408 De
539 2362 602 2408 Jure
612 2362 672 2408 Nat.
687 2366 708 2407 et
721 2360 789 2408 Geat.
840 2368 939 2424 guntur,
954 2361 1059 2422 Ulpiano
1068 2360 1229 2421 respondente
1244 2358 1269 2404 in
1283 2357 1300 2403 I.
1317 2356 1369 2416 leae

262 2435 317 2485 Lib.
327 2450 356 2484 ιι.
369 2451 422 2498 cap.
432 2438 465 2485 iii.
479 2436 541 2497 523.
573 2438 726 2492 Quoeeutem
738 2435 788 2496 pri·
840 2437 922 2494 Julia,
932 2436 1119 2497 thasilonem
1129 2435 1223 2483 Julian
1233 2433 1262 2481 de
1272 2434 1297 2479 ni
1302 2433 1368 2492 pub·

262 2511 350 2571 vilegia
360 2513 466 2558 moribus
481 2512 591 2572 gentium
608 2517 702 2558 tantum
715 2510 789 2571 origi-
840 2511 896 2559 lica.
915 2511 1038 2573 Josephue
1056 2511 1170 2571 Antiqua
1179 2509 1296 2555 Historia
1304 2507 1368 2553 libro

262 2600 318 2632 uem
329 2587 427 2645 debent,
441 2588 484 2633 illa
493 2601 564 2635 nemo
579 2592 677 2633 tenetur
689 2587 789 2646 Legatis
840 2599 885 2633 xv.
897 2600 948 2646 cap.
956 2588 979 2633 8.
990 2586 1093 2632 multum
1105 2585 1220 2647 praedicat
1229 2584 1366 2644 legatorum

262 2661 402 2718 concedere,
417 2662 463 2707 nisi
478 2661 543 2719 velit,
561 2665 587 2708 st
603 2666 675 2722 pacto
692 2661 730 2707 rel
746 2675 788 2707 ex·
840 2662 1020 2709 sanctimoniam
1021 2662 1127 2722 ,quibus
1136 2660 1171 2707 sut
1178 2672 1304 2707 commune
1311 2672 1368 2705 cum

262 2749 354 2796 presso,
374 2735 413 2782 vel
428 2736 510 2795 tacito,
531 2737 563 2782 nd
580 2736 622 2782 illa
637 2736 789 2783 concedeuda
840 2738 933 2799 angelis
942 2738 988 2784 Dei
1000 2736 1089 2783 nuntiis
1096 2750 1191 2783 nomen
1216 2735 1302 2791 Varro,
1313 2734 1368 2781 Lib.

261 2811 486 2858 eeseobstriuxcrit.
517 2810 545 2857 J.
555 2812 587 2859 B.
841 2825 882 2858 111.
904 2811 932 2860 de
949 2812 1047 2873 Linqua
1062 2812 1169 2859 Latina:
1199 2809 1290 2858 &neta
1312 2813 1368 2856 sunt

308 2883 670 2946 ιιδάιιιιιἰιιιιιιιίιιιιἱεςιιιίιιιίιιιι]
683 2885 788 2946 Ροιιιρο-
840 2901 942 2948 corpora
952 2888 1090 2948 lecatorum.
1112 2887 1204 2944 Cicero,
1218 2885 1366 2932 Verrinam.

261 2960 316 3007 nius
325 2960 342 3006 l.
351 2962 374 3006 si
383 2961 444 3021 quis.
460 2962 505 3009 ult.
515 2963 548 3009 D.
563 2962 592 3009 de
602 2962 786 3023 Montiouibus:
839 2962 1031 3024 lecatorumJ'us
1040 2962 1121 3009 diuino
1131 2961 1279 3021 humoque
1286 2959 1367 3006 ualla-

263 3034 292 3082 Si
301 3035 356 3096 quis
364 3036 466 3096 boatum
479 3037 580 3084 bostium
589 3038 717 3097 pulsasset,
733 3052 788 3084 con·
839 3043 887 3086 tum
892 3037 1015 3099 prasidio,
1030 3037 1097 3095 eteius
1108 3043 1158 3084 tarn
1172 3040 1278 3083 eandum
1292 3039 1314 3081 et
1329 3047 1368 3080 ne·

261 3115 303 3157 tra
310 3111 355 3169 J'us
369 3113 471 3173 nentium
484 3112 512 3160 id
527 3114 671 3160 comminuere
685 3128 734 3161 esse
747 3129 788 3160 cc·
839 3114 944 3161 nerabile
960 3127 1041 3159 nomen
1055 3126 1103 3158 esse
1118 3112 1191 3169 debet,
1205 3115 1286 3158 utnon
1297 3108 1365 3155 nodo

262 3186 389 3245 istimatur,
404 3189 463 3249 quia
477 3189 555 3236 sancti
568 3189 683 3235 habentur
695 3189 785 3250 leonti:
839 3190 900 3237 inter
908 3189 1025 3236 umorum
1035 3187 1104 3246 jura,
1118 3187 1161 3234 sed
1168 3191 1190 3233 et
1205 3185 1306 3232 hostium
1317 3185 1367 3231 teta

261 3268 283 3310 et
299 3262 351 3311 ideo
368 3265 392 3310 si
409 3279 460 3311 cum
483 3264 555 3325 teqati
570 3265 637 3326 apud
653 3280 695 3311 nos
714 3270 789 3312 essent
839 3265 1069 3311 incolumeuersetur.
1083 3262 1255 3323 Scriptorvitn
1263 3261 1364 3321 Epami-

259 3340 335 3399 yeatis
345 3341 454 3398 aliudue,
469 3341 554 3388 belluas
564 3356 615 3387 oum
625 3341 659 3388 eis
675 3341 788 3388 indictura
839 3339 938 3385 nondae:
954 3337 1045 3399 [Immo
1063 3337 1193 3397 Pelopida.
1211 3336 1296 3383 Coun.
1309 3335 1332 3382 N
1334 3347 1363 3380 u·

260 3416 299 3472 sit,
321 3416 408 3464 liberos
424 3431 463 3463 eos
480 3431 580 3463 mame.
612 3416 645 3464 Id
661 3417 721 3463 euius
732 3416 788 3474 juri
839 3427 895 3471 ros,
906 3428 926 3460 c.
937 3428 959 3459 r.
972 3410 1042 3473 n.1.]
1069 3411 1128 3459 Cum
1138 3411 1264 3472 lucutionis
1271 3410 1365 3468 jurese

260 3491 362 3549 ceretium
380 3493 515 3537 annuentem
534 3505 590 3536 esse.
625 3490 709 3550 Itaque
728 3505 786 3546 eum,
839 3494 921 3536 tectura
936 3489 1105 3544 arbitraretur,
1125 3487 1190 3547 quod
1205 3483 1272 3546 apud
1287 3498 1365 3531 onnes

260 3565 302 3625 qui
318 3565 422 3624 leqatum
436 3565 562 3623 pulsasset,
579 3563 682 3623 Quintus
690 3564 788 3611 Mucius
837 3567 1025 3624 qemessauctuas
1031 3566 1221 3609 essecomuesset.
1243 3560 1365 3607 Diodorus

260 3636 314 3682 dedi
328 3637 440 3691 hostibus,
455 3650 554 3696 quorum
568 3642 636 3682 eraut
650 3637 731 3696 leuati,
747 3652 787 3682 so·
839 3637 1239 3698 SiculusIuexccrptisPeIresianIs,
1245 3634 1365 3696 Pagffl.

260 3711 317 3757 litut
333 3715 367 3756 est
380 3710 527 3769 respondere.
558 3710 625 3770 Lege
636 3709 704 3757 Julin
719 3711 749 3758 de
763 3711 787 3757 vi
838 3712 886 3766 τήν
896 3712 981 3759 ἄδειαν
993 3717 1064 3758 vocat
1073 3715 1120 3767 τῆς
1132 3713 1184 3757 τῶν
1198 3710 1365 3770 πρασβιιιτῶν

259 3785 356 3846 pubIIca
371 3789 475 3842 tenetur,
495 3786 559 3845 quod
574 3785 716 3846 adlegatos
731 3798 787 3831 ora·
837 3786 952 3834 dcvhiue·
967 3788 1116 3835 securitatem
1129 3801 1146 3833 a
1155 3787 1286 3847 mauman
1294 3796 1365 3830 sanc-

413 4106 415 4110 *
441 4037 578 4092 Oneruna
596 4036 707 4091 XVIII.
747 4036 790 4111 Os
799 4039 840 4092 tte
854 4039 939 4109 nique
953 4040 989 4113 ⁰s
997 4039 1139 4109 Leontion.

236 4194 256 4217 ,
315 4156 339 4211 1.
385 4156 517 4211 Hitherto
535 4173 576 4211 we
593 4155 665 4211 have
686 4156 794 4229 spoken
812 4158 846 4213 of
859 4158 953 4229 things
968 4158 1058 4212 which
1074 4174 1122 4212 are
1140 4158 1196 4211 due
1218 4161 1249 4211 to
1270 4172 1303 4211 us
1323 4154 1364 4228 by

257 4240 378 4296 Natural
389 4241 464 4306 Law,
475 4242 580 4314 add'mg
592 4243 658 4314 only
672 4260 690 4296 a
703 4244 758 4297 few
775 4244 869 4314 points
884 4243 974 4299 which
989 4244 1092 4315 belong
1107 4249 1137 4298 to
1149 4243 1199 4298 the
1212 4241 1362 4298 instituted

257 4326 324 4380 Lan
336 4328 369 4381 of
379 4328 508 4392 Nations,
526 4328 555 4381 in
568 4345 598 4382 so
610 4329 655 4382 far
666 4345 697 4383 as
709 4329 747 4400 by
761 4328 824 4383 that
843 4346 899 4401 any
913 4329 994 4401 thing
1006 4346 1061 4384 was
1076 4329 1169 4383 added
1182 4335 1211 4383 to
1227 4328 1277 4384 the
1292 4329 1360 4381 Lare

258 4411 291 4464 of
299 4413 417 4468 Nature.
462 4413 490 4466 It
505 4414 626 4469 tamaius
646 4421 675 4468 to
690 4413 777 4486 spcak
791 4414 825 4469 of
836 4415 885 4470 tho
905 4415 1072 4487 obligations
1087 4414 1177 4470 which
1193 4414 1256 4470 that
1267 4412 1358 4468 which
