3000 5062
273 282 337 344 232
601 288 654 342 DE
676 288 774 344 sunu
798 286 1048 342 SEPULTURAE.
1247 283 1320 354 [hun.
1333 286 1376 341 Π.

271 460 505 533 contemtorem,
536 463 568 522 et
593 455 650 520 sub
675 474 714 520 ee
735 450 806 540 lege
830 473 902 538 quae
931 446 1067 538 proximi
1090 469 1204 515 nomen
1228 448 1270 514 ed
1293 447 1377 516 solos

274 555 428 621 Hebraeos
445 554 636 642 porrigebat.

350 655 391 721 V.
432 657 452 719 l
484 655 590 720 Unum
612 662 718 719 temen
735 659 844 716 notatu
863 672 926 714 non
942 647 1113 738 indignum,
1130 649 1170 715 de
1191 647 1378 736 sepeliendis

275 752 405 820 mortuis
427 753 568 842 regulam
593 751 678 839 apud
704 751 787 837 ipsos
814 749 969 815 Hebraeos
995 748 1140 815 habuisse
1163 747 1378 835 exceptionem

109 878 212 919 ninius
225 879 260 927 rs.
274 856 400 918 ⁹e0rnm
417 853 470 939 qui
491 851 550 939 ipsi
567 851 625 918 sibi
642 859 773 916 mortem
790 847 1021 914 consciverant:
1046 847 1131 935 qnod
1146 848 1170 912 J
1170 848 1303 934 osephus
1320 869 1377 914 nos

109 926 260 1021 &visibili
275 952 374 1018 docet.
426 953 492 1017 Nee
513 951 547 1016 id
563 950 684 1027 mirum,
702 971 772 1014 oum
794 947 827 1012 in
849 948 907 1012 hos
928 946 1013 1012 aliud
1028 946 1210 1034 supplicium
1232 946 1378 1014 constitui

109 1066 199 1151 3322·
208 1067 260 1150 pu
275 1073 337 1116 non
355 1050 451 1137 possit
466 1051 520 1138 qui
537 1057 668 1116 mortem
685 1069 743 1135 pro
759 1046 908 1134 supplicio
925 1068 988 1111 non
1004 1046 1130 1112 hebent.
1179 1045 1231 1112 Sic
1247 1047 1378 1132 Milesiis

111 1158 260 1252 mm·
276 1149 412 1239 virgines
426 1171 447 1215 n
463 1149 637 1217 voluntaris
653 1156 754 1213 morte
768 1145 954 1224 absterritoe,
970 1154 1002 1211 et
1016 1140 1120 1232 tplebs
1136 1144 1209 1210 olim
1224 1147 1376 1224 Romans,

110 1272 248 1358 ptimo
276 1270 452 1336 quenquam
474 1247 669 1335 improbante
691 1244 799 1311 Plinio.
852 1246 903 1311 Sic
926 1252 960 1310 et
984 1244 1158 1311 Cleomenis
1180 1265 1300 1332 corpus,
1324 1245 1379 1332 qni

112 1365 194 1450 1515ss
208 1366 243 1450 gt
276 1369 310 1413 se
335 1347 545 1424 interfecerat,
571 1346 757 1412 Ptolomaeus
779 1344 925 1431 suspendi
947 1344 1049 1430 jussit.
1094 1346 1137 1410 Et
1167 1343 1302 1431 upassim
1327 1366 1378 1410 re-

109 1456 228 1541 pffiu
276 1452 410 1532 ceptum,
435 1445 481 1512 eit
506 1444 702 1522 Aristoteles,
733 1451 768 1509 ut
792 1442 961 1532 ignominis
986 1442 1090 1530 eliqua
1118 1442 1290 1510 efficiantur
1323 1442 1378 1530 qui

111 1563 209 1613 mss.
276 1544 336 1611 sibi
360 1554 490 1611 mortem
514 1544 749 1611 consciverunt:
772 1542 824 1607 ubi
850 1541 1044 1608 Andronicus
1060 1540 1202 1608 Rhodius
1227 1542 1260 1609 id
1282 1565 1379 1630 expo-

277 1665 354 1709 nens
378 1643 431 1721 sit,
448 1644 607 1731 sepultura
625 1664 732 1708 eornm
757 1662 890 1727 corpore
910 1641 1088 1728 prohiberi:
1112 1642 1196 1727 qnod
1212 1640 1295 1707 inter
1315 1642 1378 1708 slis

108 1756 232 1854 ᾖξ’·
278 1743 480 1809 Demonassae
502 1742 603 1831 Cypri
627 1741 759 1829 Reginae
784 1741 861 1806 scita
883 1740 991 1806 lcudet
1016 1740 1101 1806 Dion
1127 1742 1377 1827 chrysostomus

275 1843 387 1928 Neque
404 1842 475 1908 huic
491 1842 571 1908 mori
587 1842 692 1908 obstat
705 1839 790 1927 quod
813 1839 981 1917 Homerus,
1000 1840 1181 1928 AEsehylus,
1198 1840 1376 1928 Sophocles,

109 1959 235 2046 53¹·ssng
275 1941 426 2019 Moschis,
438 1949 470 2007 et
482 1941 535 2007 alii
547 1949 683 2018 monent,
693 1939 770 2004 nihil
782 1938 898 2006 sentire
912 1947 1067 2006 mortuos:
1084 1960 1182 2026 quare
1193 1960 1250 2005 neo
1264 1940 1378 2005 damno

109 2051 240 2103 ³⁰th
319 2114 561 2175 ⁹Exesptloillohoc
569 2117 664 2163 mutum
674 2113 800 2172 efficiebat,
853 2111 947 2158 Auctor
972 2111 1025 2172 ipse
1049 2111 1160 2159 observet
1184 2125 1248 2169 mox,
1268 2111 1334 2159 Noto
1353 2124 1378 2161 u.

275 2192 304 2236 nt
313 2190 429 2236 cadevera
439 2204 529 2248 eornm,
539 2191 582 2250 qul
591 2190 637 2236 sibi
646 2189 692 2249 ipsi
699 2192 801 2234 mortem
851 2185 879 2233 J.
889 2186 921 2233 Β.

275 2265 445 2322 consciverunt,
451 2265 628 2325 usqnestolis
635 2276 742 2310 oecosnm
750 2275 801 2307 mn-
896 2263 905 2294 l
919 2259 992 2307 Plebs
1001 2261 1057 2307 olim
1066 2261 1188 2322 Romano]
1200 2262 1331 2309 Serrium
1339 2263 1378 2310 12.

274 2344 360 2385 nerent
369 2340 498 2399 insepulto.
514 2339 648 2386 ltsdiserte
657 2338 800 2395 Josnrnus,
852 2333 985 2381 AEneidos:
1003 2334 1066 2382 Sanc
1079 2336 1198 2383 sciendum
1212 2336 1276 2396 quod
1282 2338 1380 2383 'eosdm

274 2412 329 2461 loeo
346 2415 371 2460 in
392 2428 434 2461 orn
450 2415 506 2461 libri
524 2414 645 2459 indicato:
662 2413 724 2458 Τοὺο
739 2412 801 2470 γοῦν
843 2407 931 2468 fuerat
941 2409 966 2454 in
976 2409 1242 2469 Porsh'ficalibuclibris,
1252 2416 1277 2458 ut
1287 2413 1329 2471 qui
1339 2412 1379 2457 la·

273 2487 412 2535 ἀνελόντος
438 2487 548 2544 ἑαυτοὺς,
578 2486 650 2545 sopri
665 2486 710 2544 ptr
733 2485 800 2545 ἡμῖν,
851 2499 909 2545 queo
919 2487 1378 2547 citamfim'cretr'mepultmbjs'oerctur.

274 2561 362 2621 μέχρις
371 2561 443 2617 rihlcu
453 2562 543 2607 torem
553 2559 670 2618 ἀτάφους
680 2559 800 2617 κρύπτειν
855 2560 923 2608 Unde
932 2562 1015 2608 merim
1025 2562 1061 2608 atr
1071 2575 1194 2609 mensus
1204 2562 1298 2621 Lsrnt,
1307 2564 1379 2624 quasi

274 2633 380 2694 ἔκρινον,
389 2636 432 2682 καί
441 2654 482 2682 τοι
492 2636 534 2681 καὶ
543 2634 679 2693 πολεμίους
694 2632 801 2680 θάπτειν
851 2637 934 2683 mortis
952 2637 1125 2698 r'rffams'sss'moe.
1153 2639 1223 2701 Erqc
1243 2654 1295 2686 essm
1315 2641 1378 2687 nita

274 2706 376 2768 θᾶμιτον
395 2709 528 2769 ἡγούμενοι
549 2708 594 2755 dte.
632 2708 800 2754 Hsussu‘l’t's
850 2711 882 2757 sit
900 2712 946 2758 hac
961 2713 1178 2774 mortcdcjhmirss,
1192 2714 1292 2761 Portas
1306 2716 1379 2762 esiam

274 2789 355 2830 sutem
370 2785 478 2845 loquitur
493 2786 524 2831 ds
539 2784 645 2830 moribus
662 2788 687 2830 et
706 2784 800 2845 legibus
848 2797 895 2843 pro
904 2785 999 2845 chr'nae
1007 2786 1123 2846 differitate
1129 2787 1378 2849 dirimaceipimm.

274 2857 374 2904 nllornm
395 2859 559 2918 Populornm:
583 2858 643 2905 Haec
662 2873 708 2904 nen
726 2859 801 2905 solum
854 2858 953 2906 Caesius
961 2864 1038 2905 amem
1049 2860 1153 2908 Hernica
1167 2862 1204 2909 cit
1222 2864 1378 2924 Tarquinium

274 2933 377 2978 moribus
387 2934 510 2991 hominum,
521 2934 563 2980 ced
571 2934 642 2980 etiam
651 2932 747 2993 legibue,
763 2935 801 2980 in·
853 2932 990 2992 Superbum,
1000 2947 1052 2997 οοιοο
1063 2935 1158 2981 cloacas
1165 2936 1253 2996 facere
1262 2939 1378 2998 populum

274 3007 375 3055 terdicta
381 3009 509 3069 accipimur
519 3026 527 3056 .·
539 3023 637 3069 namque
644 3009 799 3069 uliiinscpul-
851 3008 968 3068 coepisset,
983 3012 1005 3054 ct
1022 3008 1051 3053 ob
1067 3009 1129 3055 barre
1144 3009 1257 3067 topiariam
1272 3012 1378 3061 stultior

272 3087 310 3130 tos
321 3085 411 3144 projici
419 3086 502 3142 jubent
516 3100 564 3140 eos,
577 3085 619 3146 qui
632 3100 657 3131 se
672 3086 697 3131 in
704 3086 801 3146 serrum
849 3083 1207 3143 superabundantium
1221 3099 1324 3146 corpora
1338 3104 1377 3136 cc·

274 3157 500 3217 deiecerunt...olii
518 3161 627 3207 dextram
646 3174 739 3206 monum
758 3160 801 3206 ab·
851 3172 904 3205 rum
922 3159 988 3204 cruci
1002 3158 1078 3221 affigi.
1111 3159 1177 3207 Tunc
1188 3161 1293 3222 prim
1309 3168 1378 3223 turpe

274 3234 382 3281 eandum
397 3235 521 3296 deflendis,
540 3234 584 3282 bo.
617 3235 670 3281 Hoc
689 3235 800 3281 ultimum
852 3232 1000 3279 hobitmert
1013 3238 1108 3281 mortem
1116 3234 1322 3295 ribicomcicccrc,
1336 3239 1377 3298 (sd

274 3322 351 3369 genus
362 3324 439 3370 poenae
449 3316 572 3372 receptum
588 3315 641 3358 srst
650 3311 763 3368 Athenis,
773 3315 801 3357 ut
852 3323 911 3357 νει-ι.
921 3309 984 3369 603.)

276 3556 399 3628 denying
412 3557 491 3613 them
508 3556 661 3629 sepulture,
675 3557 713 3612 he
730 3557 779 3611 did
790 3556 846 3613 this
860 3557 899 3630 by
917 3558 961 3614 his
980 3575 1042 3615 own
1059 3557 1142 3630 right.
1182 3556 1296 3613 David’s
1310 3574 1390 3629 pro·¹

276 3642 393 3710 ceeding
403 3641 469 3695 with
486 3642 624 3696 Golinth’s
638 3641 710 3696 head
725 3659 780 3696 wss
798 3660 835 3697 no
850 3647 965 3713 general
980 3662 1052 3700 case.

329 3726 365 3778 V.
404 3730 419 3778 1
442 3724 661 3807 Theffilebrews,
673 3726 811 3792 however,
826 3727 908 3783 mede
923 3746 977 3785 ono
989 3730 1145 3802 exception,
1158 3728 1189 3782 in
1202 3727 1251 3782 the
1265 3743 1329 3782 csse
1344 3727 1379 3780 of

275 3809 357 3865 those
368 3808 430 3864 who
442 3809 499 3865 hnd
514 3810 579 3865 diod
591 3811 629 3883 by
643 3811 718 3866 their
732 3829 795 3865 own
809 3811 908 3868 hands.
932 3814 996 3870 And
1009 3815 1065 3871 this
1076 3817 1099 3871 is
1111 3816 1156 3880 fit;
1172 3814 1217 3869 for
1228 3812 1310 3868 there
1321 3828 1374 3866 ean

275 3895 312 3951 be
326 3912 364 3951 no
379 3895 461 3951 other
472 3896 661 3969 punishment,
678 3897 725 3951 for
738 3897 819 3952 those
834 3906 863 3952 to
878 3899 970 3955 whom
984 3901 1070 3956 death
1084 3902 1107 3955 is
1127 3917 1164 3954 no
1183 3898 1373 3971 punishment.

276 3982 316 4038 So
330 3982 380 4038 the
399 3983 530 4038 Milesion
544 3984 656 4054 virgins,
674 3983 730 4037 end
747 3983 797 4039 the
808 3984 893 4040 Plebs
911 3992 941 4041 ot
956 3989 1047 4042 Itome
1068 4003 1142 4041 were
1155 3985 1288 4040 deterred
1301 3984 1376 4038 from

275 4068 390 4123 suicide.
413 4069 451 4145 So
463 4069 593 4141 Ptolemy
603 4069 722 4124 ordered
735 4069 783 4125 the
796 4071 871 4143 body
884 4071 917 4126 of
924 4072 1089 4127 Cleomenes
1103 4077 1134 4126 to
1145 4071 1182 4126 be
1196 4070 1283 4140 hung.
1311 4070 1376 4124 And

275 4154 298 4208 it
312 4155 344 4220 is,
359 4170 421 4227 says
433 4154 575 4219 Aristotle,
596 4171 757 4210 ncommon
771 4158 904 4227 practice,
923 4174 954 4212 ss
969 4157 1145 4211 Andronicus
1160 4155 1286 4227 explains
1304 4155 1373 4209 him.

274 4238 339 4294 nno
354 4256 391 4295 on
405 4240 461 4295 this
474 4240 593 4311 ground,
607 4241 682 4296 Dion
698 4241 778 4297 leudo
791 4243 973 4306 Demonnesn,
990 4259 1081 4313 queen
1097 4242 1130 4297 of
1148 4242 1264 4313 Cyprus.
1310 4239 1375 4293 And

273 4324 297 4378 it
320 4325 343 4379 is
368 4342 405 4379 no
429 4326 578 4395 objection‚
598 4325 668 4392 thot,
691 4345 722 4382 es
737 4328 785 4383 the
805 4335 886 4400 poete
907 4328 1068 4384 sometimes
1087 4344 1145 4399 say,
1160 4326 1210 4382 the
1226 4326 1299 4380 dead
1319 4326 1376 4380 feel

273 4409 401 4482 nothing,
422 4411 478 4465 ond
492 4428 541 4467 erc
556 4419 606 4468 not
620 4414 740 4469 affected
755 4414 793 4487 by
807 4415 862 4469 loss
878 4431 911 4469 or
924 4414 1028 4469 sheme.
1073 4413 1129 4467 For
1144 4413 1167 4466 ir
1181 4412 1204 4466 is
1220 4411 1334 4483 enough
1352 4410 1379 4481 if
