3000 5062
145 310 339 380 omnum]
374 313 637 369 OBLIGATIONE
661 315 752 378 QUAE
776 315 870 369 INDE
895 315 1050 369 ORITL'R.
1185 307 1244 369 191

142 489 202 557 est,
218 479 269 545 eui
285 479 318 544 id
335 486 383 544 est
402 500 600 564 consequens,
622 489 657 546 ut
673 480 850 546 libertatem
867 482 1025 548 testatoris
1042 481 1075 546 in
1096 503 1132 546 eo
1149 481 1246 570 impe·-

142 579 213 645 dire
229 578 343 664 injuria
360 578 409 644 sit

219 679 277 743 IV.
314 677 420 743 Minus
435 685 540 743 antem
557 677 626 765 quis
637 678 764 755 habere,
782 701 818 745 ae
831 680 961 766 proinde
974 679 1119 746 damnum
1136 681 1244 749 fecisse

141 778 345 865 intelligetur,
361 799 423 842 non
440 776 472 841 in
492 786 674 853 retentum,
697 778 752 844 sed
769 788 802 844 et
819 779 852 844 in
874 779 1026 845 fructibus
1043 781 1097 867 qui
1116 782 1244 868 proprie

139 878 190 944 rei
206 878 326 943 fructus
343 886 425 954 sunt,
442 876 507 941 sive
523 877 568 941 illi
585 878 724 963 percepti
743 887 824 954 sunt,
843 878 908 944 sive
924 901 996 956 non,
1013 879 1040 945 si
1056 889 1160 944 tamen
1177 880 1244 967 ipse

141 999 196 1042 eos
218 985 422 1064 percepturus
446 976 559 1051 iuerat,
586 976 726 1042 deductis
750 976 895 1063 impensis
918 978 1029 1063 quibus
1058 1001 1109 1043 res
1134 979 1243 1045 melior

142 1076 226 1142 iacta
242 1085 300 1153 eat,
317 1085 373 1141 aut
393 1098 464 1162 qum
480 1078 522 1142 ad
536 1077 655 1141 fructus
672 1076 886 1162 percipiendos
906 1078 1034 1143 inerunt
1049 1079 1240 1155 necessariae,

143 1197 182 1242 ex
199 1176 310 1263 regula
327 1197 397 1261 quse
412 1198 468 1240 nos
485 1184 571 1241 vetat
587 1174 803 1262 locupletiores
825 1176 977 1242 hericum
994 1177 1095 1243 aliena
1105 1178 1240 1264 jactura

215 1276 256 1341 V.
299 1275 363 1342 Sed
379 1285 412 1341 et
428 1297 499 1361 spes
515 1275 592 1340 lucri
614 1298 655 1340 ex
671 1285 777 1342 nostro
799 1276 1012 1354 estimabitur,
1033 1300 1096 1342 non
1111 1288 1148 1343 ut
1164 1278 1241 1344 illud

142 1373 252 1462 ipsum,
270 1375 325 1440 scd
342 1375 509 1441 secundnm
527 1374 788 1463 propinquitatem
805 1377 847 1442 ad
869 1386 982 1455 aetum,
1001 1378 1085 1444 utin
1103 1388 1240 1445 semente
1253 1390 1394 1485 {32⁸3st

140 1496 212 1562 spes
229 1474 343 1540 mesaia
1254 1483 1374 1567 muu-

215 1574 276 1641 VI.
317 1575 478 1640 Tenentur
494 1583 608 1652 autem,
622 1583 738 1661 prater
755 1575 855 1663 ipsum
872 1575 925 1663 qui
938 1598 994 1663 per
1011 1598 1045 1642 se
1061 1586 1095 1643 et
1110 1572 1237 1655 ἅμέσως
1251 1602 1380 1688 goffia

141 1673 288 1740 damnum
310 1674 375 1751 dat,
396 1674 449 1740 alii
464 1697 587 1761 quoque
613 1674 754 1740 iaciendo
776 1685 832 1742 aut
856 1699 919 1740 non
939 1676 1090 1741 faciendo.
1131 1679 1239 1742 'Fam-
1251 1695 1403 1782 mino-a

140 1773 222 1839 endo
244 1773 297 1839 alii
321 1773 479 1860 primario,
501 1774 554 1840 alii
579 1774 781 1840 secundario:
804 1774 962 1860 primario,
986 1774 1039 1861 qni
1061 1774 1161 1860 jubet,
1185 1776 1240 1861 qui

138 1894 320 1939 eonsensum
336 1873 517 1960 requisitum
532 1874 669 1951 adhibet,
691 1874 744 1960 qui
760 1875 898 1961 adjuvat,
913 1874 966 1960 qni
981 1883 1141 1960 receptum
1158 1896 1240 1962 prae-

139 1980 213 2050 stat,
231 1982 287 2039 ant
303 1973 357 2059 qui
374 1973 435 2038 alio
452 1974 543 2039 modo
561 1974 593 2038 in
610 1973 676 2060 ipso
693 1973 821 2039 crimine
838 1974 1013 2060 participat.

215 2074 289 2138 VII.
332 2072 531 2152 secundario,
557 2073 610 2159 qui
630 2072 788 2137 consilium
812 2074 876 2149 dat,
895 2072 1028 2148 claudat,
1051 2080 1236 2141 assentatur.

142 2175 232 2248 Quid
247 2175 332 2239 atim
348 2175 479 2239 interest
494 2165 599 2238 diates·
614 2194 779 2238 suasorem
787 2174 882 2258 facti
896 2186 927 2238 et
939 2174 1174 2258 probatorem?
1193 2173 1239 2239 ait

140 2271 249 2338 (licere
266 2273 440 2359 Philippica
456 2273 598 2338 secunda.
1250 2294 1337 2344 ceola

211 2373 304 2439 VIII.
347 2374 420 2437 Non
442 2372 583 2438 iaciendo
604 2372 678 2437 item
698 2370 846 2458 primario
871 2380 927 2437 aut
946 2370 1147 2450 secundari03
1175 2371 1241 2458 pri-

138 2544 259 2591 tatem
267 2551 307 2593 est.
338 2546 411 2606 (Cap.
423 2547 474 2607 25.)
505 2546 623 2606 Ulpianus
637 2546 663 2591 in
756 2543 1239 2605 ‘Intermmmmsactietprobutorem

138 2619 192 2668 Lib.
203 2634 221 2667 1.
232 2636 253 2667 c.
264 2623 372 2668 deservo
383 2628 509 2682 corrupto:
526 2624 561 2669 Et
575 2623 597 2668 ei
610 2627 663 2668 erut
711 2622 827 2681 Applicat
848 2623 894 2666 hoc
910 2621 1001 2666 dictnm
1019 2619 1100 2665 Probo
1124 2620 1239 2679 praefecto

138 2711 218 2743 amns
232 2700 362 2745 omnimodo
369 2700 508 2759 sapitum,
523 2698 560 2744 vel
566 2698 663 2757 fier-ham
711 2698 861 2753 Ammianus,
871 2697 933 2743 libro
942 2708 1031 2742 xxvu.
1040 2695 1105 2756 (cap.
1117 2698 1154 2755 2.)
1172 2695 1239 2756 Lege

131 2772 253 2831 facturus,
269 2774 375 2819 biccaro
388 2774 663 2832 landaturgjuspropo-
711 2773 901 2833 LangobardIca,
915 2772 970 2818 Lib.
982 2784 999 2818 ι.
1011 2772 1049 2818 tit.
1060 2774 1082 2817 4.
1093 2771 1166 2817 etiam
1178 2785 1237 2816 con-

136 2847 179 2892 siti
180 2848 268 2906 firerit,
276 2854 380 2895 tenetur.-
391 2862 437 2893 non
444 2850 505 2895 entra
513 2849 663 2907 oportctluu·
711 2849 791 2893 sulens
801 2848 831 2892 ad
841 2847 1038 2905 compositionem
1048 2851 1155 2892 vocatur.
1175 2846 1238 2893 Vide

137 2919 216 2968 dando
226 2925 311 2984 angeri
321 2924 415 2970 mulum.
711 2922 783 2969 Rom.
793 2923 809 2969 l.
820 2923 845 2966 in
855 2922 910 2978 fine,
920 2926 945 2967 et
955 2922 988 2967 ibi
998 2927 1090 2967 veteres
1101 2923 1236 2981 scalptores.

472 3068 491 3074 ..ι
498 3066 925 3074 n—---..—-—-—..-.

136 3168 200 3229 losa,
211 3169 263 3219 ιιοι
278 3165 344 3235 only
358 3164 387 3217 in
402 3164 451 3218 the
464 3163 545 3232 thing
556 3162 647 3217 ulrich
658 3163 774 3234 belongs
786 3170 816 3218 to
828 3162 896 3227 him,
907 3163 959 3219 but
970 3165 999 3217 in
1011 3165 1061 3220 the
1072 3166 1196 3236 produce
1208 3171 1241 3224 oi

136 3252 186 3307 the
201 3251 289 3319 thing,
303 3248 430 3303 whether
441 3248 478 3301 he
493 3247 543 3302 has
555 3248 692 3303 collected
706 3248 775 3303 euch
788 3248 920 3319 produce,
935 3265 968 3301 or
982 3249 1048 3320 only
1062 3250 1155 3303 would
1166 3252 1237 3308 have

136 3334 273 3391 collected
288 3335 327 3387 it:
349 3334 405 3387 and
420 3334 463 3387 hie
480 3333 535 3387 loss
550 3334 666 3389 consiste
681 3335 711 3386 iu
726 3333 788 3387 that
802 3333 935 3403 produco,
949 3334 1039 3387 minas
1053 3334 1102 3389 the
1117 3350 1237 3406 expense

136 3421 170 3474 of
187 3420 344 3489 improving
358 3418 406 3474 tho
421 3419 510 3489 thing,
523 3419 580 3474 and
592 3419 626 3473 of
638 3419 786 3489 collecting
801 3418 850 3473 the
864 3418 997 3490 produce.

191 3506 227 3558 V.
264 3504 331 3559 Also
350 3505 400 3559 the
419 3504 494 3574 hope
511 3506 545 3560 of
560 3506 627 3577 gain
645 3506 718 3560 from
740 3521 758 3559 a
776 3506 857 3576 thing
879 3504 969 3560 ahloh
988 3506 1012 3561 ia
1032 3522 1097 3561 ours
1117 3524 1183 3579 may
1200 3507 1236 3565 be

136 3591 293 3654 estImated,
307 3598 359 3646 not
373 3609 403 3646 as
415 3591 490 3645 vhot
504 3593 527 3646 it
541 3593 565 3647 is
579 3593 689 3664 simply,
701 3592 753 3647 but
767 3592 917 3665 according
930 3600 961 3649 to
975 3594 1012 3649 its
1032 3601 1180 3666 prospect3
1204 3612 1236 3650 as

135 3678 184 3733 the
197 3674 270 3749 hope'
282 3678 316 3733 of
327 3678 375 3733 the
390 3677 502 3733 harvest
517 3679 546 3732 in
559 3679 607 3733 the
619 3696 716 3734 sover.

186 3765 236 3819 v1.
274 3764 390 3819 Besides
404 3765 463 3818 him
482 3764 544 3819 vvho
556 3766 746 3839 immediately
761 3783 858 3823 causes
869 3765 918 3822 the
933 3766 997 3832 loss,
1014 3767 1109 3824 others
1123 3769 1235 3842 maybe

134 3850 238 3916 bound,
250 3850 342 3906 either
356 3851 394 3923 by
409 3852 494 3921 doing
506 3867 539 3905 or
548 3858 599 3906 not
611 3853 704 3924 doing.

187 3938 230 4008 By
250 3936 344 4008 doIng,
363 3954 441 3992 some
456 3938 608 4009 palmarily‚
623 3938 719 3993 others
733 3939 925 4009 accendarily:
949 3939 1107 4009 PrImarily,
1119 3939 1156 3994 he
1171 3940 1233 3995 vvho

132 4023 294 4077 commanda
309 4024 340 4086 it,
350 4023 412 4079 who
424 4023 500 4093 gives
512 4023 562 4079 the
572 4025 706 4095 requisita
721 4032 846 4087 consent,
860 4024 922 4078 who
934 4023 1023 4093 helpe,
1035 4024 1097 4078 vho
1111 4026 1234 4081 receives

132 4108 207 4163 vhnt
222 4109 245 4163 is
257 4109 351 4173 taken,
366 4125 399 4162 or
413 4108 475 4164 who
489 4110 672 4180 participatus
687 4110 717 4163 in
731 4110 780 4163 thu
795 4110 882 4162 crirno
897 4109 927 4161 ln
941 4125 996 4179 any
1012 4108 1094 4163 other
1106 4126 1175 4180 way.

184 4195 248 4248 VII.
289 4195 479 4266 Secondarily,
494 4194 556 4249 who
567 4196 683 4259 advises,
698 4194 812 4264 praiscs,
826 4209 971 4264 approves.
1011 4194 1066 4248 See
1081 4194 1188 4249 Cicero.

183 4281 263 4335 VIII.
301 4280 368 4335 Iliso
382 4281 421 4352 by
435 4287 486 4335 not
502 4280 596 4352 doing,
610 4278 756 4351 primarily
773 4278 828 4331 and
846 4277 1029 4349 secundarily.
1074 4280 1234 4352 Primarily,

131 4364 213 4419 when
229 4381 283 4420 one
297 4365 360 4420 who
373 4365 410 4436 by
426 4365 469 4421 hIs
483 4382 588 4438 proper
602 4365 677 4437 right
692 4362 780 4436 ought
789 4370 819 4420 to
831 4363 926 4420 forbid
937 4363 986 4419 the
997 4368 1053 4430 aet,
1063 4382 1097 4422 or
1106 4364 1173 4437 help
1186 4365 1235 4423 the

131 4466 235 4524 person
249 4450 389 4523 vronged,
401 4451 470 4508 does
482 4458 542 4508 not.
