3000 5062
294 323 358 386 108
662 329 713 384 ΒΕ
735 327 1028 385 JUREJURANDO.
1273 325 1348 396 [Lm.
1359 328 1398 386 11.

295 498 406 573 tinere,
433 508 531 582 atqae
562 496 613 560 ita
644 518 679 561 ee
703 497 880 562 voracitati
904 497 1116 579 assuefacere,
1147 506 1184 559 ut
1215 497 1315 562 rerba
1333 518 1399 581 pro

289 597 475 681 juramento
490 597 708 681 accipiamur.
760 596 824 660 yEi
839 593 934 659 aiibi:
960 589 978 661 d
1001 596 1062 661 τοῦ
1088 586 1268 663 σπουδαίου
1291 591 1398 683 λόγος

296 690 386 787 ὅρκος
427 688 517 764 ἔστω
545 688 701 779 βέβαιος,
740 689 885 774 achoris,
919 686 1188 781 ἀψευδέστατον·
1223 697 1299 761 Viri
1325 696 1399 761 botei

296 797 404 860 oratio
413 816 481 881 pro
499 795 688 878 juramento
704 795 749 858 sit
767 795 877 876 firmo,
904 794 1114 869 immutabili,
1127 794 1254 878 saliere
1270 797 1399 861 nescio:

132 909 281 1000 ppo-1725&
296 903 330 959 et
361 894 445 979 quod
476 893 516 959 de
548 893 675 958 Essenis
707 893 884 977 Joeephus:
919 896 986 959 πᾶν
1018 888 1059 959 ri
1083 890 1181 985 ῥηθὲν
1207 890 1260 961 ὑπ’
1288 890 1398 962 αὐτῶν

148 983 153 994 ’
176 966 212 1004 ’μ
297 989 518 1087 ἰσχυρότερον
529 988 637 1085 ὅρκου,
656 989 699 1059 rei
716 985 750 1059 ie*
767 986 894 1068 ὀμνύειν
909 988 1023 1061 αὐτοῖς
1041 990 1270 1082 περιΐσταται·
1301 997 1399 1068 Quic-

295 1095 376 1178 quid
400 1095 545 1159 dicerint
571 1093 719 1158 validius
746 1102 792 1157 eet
800 1091 1039 1174 iureiurando:
1067 1113 1108 1158 ac
1125 1114 1331 1178 supervacua
1347 1115 1400 1159 ree

295 1193 379 1276 ipsis
395 1193 532 1257 habetor
540 1192 667 1274 jurare.

375 1293 396 1356 5
432 1291 482 1356 Ab
509 1289 645 1366 Esseuis,
675 1296 731 1355 eut
758 1289 967 1355 Hebraeorum
994 1289 1055 1357 illis
1083 1312 1162 1377 quos
1192 1291 1292 1357 seculi
1325 1298 1398 1357 sunt

133 1399 270 1485 {lippam
298 1386 417 1467 Esseni,
437 1388 562 1454 videtur
578 1387 637 1453 hoc
659 1388 804 1453 sumsisse
824 1388 1057 1478 'Pythagoras
1073 1389 1161 1478 cujus
1180 1390 1248 1456 haeo
1273 1401 1399 1457 senten-

298 1486 362 1554 tia:
386 1488 431 1570 μὴ
451 1485 579 1567 ὀμνύναι
598 1485 713 1560 Θεοῦς·
741 1483 854 1556 ἀσκεῖν
879 1485 952 1581 ‘ydp
977 1486 1079 1558 αὑτὸν
1106 1482 1173 1557 δεῖν
1198 1487 1398 1579 ἀξιόπιστον

298 1583 474 1682 παρέχειν·
500 1610 569 1653 noro
584 1589 774 1672 jurandam
791 1610 856 1673 per
877 1589 986 1655 Deos:
1012 1611 1165 1676 quemque
1181 1592 1266 1656 enim
1281 1591 1320 1655 io
1341 1612 1400 1656 cu-

296 1709 375 1753 rare
400 1689 521 1763 dehere,
542 1690 599 1753 ‘at
620 1710 676 1752 mec
692 1688 813 1770 jurato
837 1688 904 1752 sibi
931 1691 1098 1755 credatur.
1141 1689 1270 1776 Scythes
1298 1689 1338 1754 de
1365 1711 1400 1755 se

131 1789 249 1831 ”liii
296 1786 339 1851 ud
356 1786 570 1852 Alexandrum
592 1785 702 1851 Curtio
723 1785 899 1852 referente:
925 1789 1078 1853 Jarando
1091 1790 1240 1872 qratiam
1259 1789 1401 1872 Scythae

296 1888 426 1953 sancire
454 1909 494 1952 ae
518 1887 717 1952 credideris:
743 1886 872 1951 colendo
895 1888 997 1970 fidem
1016 1888 1146 1970 jurant.
1200 1887 1310 1953 Cicero
1340 1909 1399 1975 pro

131 1990 219 2039 ΟΜ
296 1985 409 2050 Roscio
433 1985 599 2051 Comoedo:
627 1989 707 2060 Qaae
726 2006 826 2071 poena
850 2006 874 2048 a
897 1987 978 2050 Diis
997 1987 1236 2052 immortalibus
1256 1987 1398 2072 perjuro,

295 2086 364 2151 hac
383 2087 491 2152 eodem
509 2086 660 2151 mendaci
676 2086 853 2150 constituto
875 2095 929 2149 est.
981 2086 1059 2150 Non
1080 2088 1165 2150 enim
1188 2108 1228 2151 er
1246 2075 1401 2170 pactione

295 2186 466 2249 verboram
490 2187 609 2271 qaihae
629 2184 865 2267 jusjurandum
890 2185 1180 2268 comprehenditur,
1200 2186 1257 2250 oed
1273 2207 1313 2250 eo
1322 2207 1401 2270 per·

290 2284 379 2364 fidia
406 2291 438 2349 et
457 2283 601 2359 malitia,
619 2305 683 2368 per
708 2303 809 2365 qaam
835 2284 967 2347 insidia
993 2284 1169 2348 tendantur
1191 2285 1308 2362 alicui,
1334 2285 1402 2349 Dii

130 2384 263 2471 ffiffgg·
296 2383 496 2448 immortales
517 2382 701 2447 hominibae
725 2381 876 2446 irasciet
894 2403 1076 2448 mmcemere
1095 2394 1295 2449 consuerunt.
1344 2381 1403 2447 So·

295 2479 375 2546 lonis
404 2480 520 2546 dictum
552 2480 751 2544 celebretur:
787 2475 1041 2569 καλοκᾴγαθὶαν
1068 2479 1166 2573 ὅρκου
1190 2476 1402 2574 πιστοτέραν

295 2572 376 2672 ’ἔχε’
400 2582 458 2643 Εα
477 2591 542 2646 esto
560 2579 739 2665 probitate,
764 2590 800 2642 ot
825 2579 857 2645 ei
880 2581 987 2665 mayie
1003 2602 1101 2663 qaam
1119 2581 1307 2664 juramento
1332 2603 1401 2648 ore-

340 2761 352 2799 t
369 2753 404 2800 Et
414 2751 487 2814 olidi]
511 2753 550 2800 De
568 2752 711 2814 specialibus
727 2752 822 2814 legibus
872 2755 945 2812 Quod
955 2759 1048 2816 spectet
1058 2755 1227 2814 lamblichum
1241 2755 1318 2803 soluit
1332 2759 1400 2803 Auc-

295 2827 366 2890 (pag.
376 2829 421 2878 769
431 2827 468 2887 c.)
870 2834 911 2876 tor
931 2830 1009 2876 dicere
1029 2830 1200 2891 Porphyrium:
1226 2829 1265 2876 hic
1285 2829 1349 2876 enim
1369 2842 1401 2876 ex

338 2901 528 2964 ’Pythayorad
544 2902 607 2949 Nem
628 2907 654 2949 et
674 2902 821 2963 Hermippus
871 2903 982 2964 Diogene
1001 2904 1044 2950 lib.
1065 2904 1094 2950 ds
1113 2903 1296 2950 Incredibiliius
1315 2905 1402 2962 reteri,

294 2978 469 3040 Pythagoricus
484 2978 627 3038 Pythagora
642 2977 821 3038 Philosophiam
871 2979 1040 3040 Pythagoram,
1050 2979 1114 3026 inter
1123 2980 1191 3037 alios,
1202 2980 1315 3026 llebrssoe
1324 2981 1401 3026 etism

294 3055 326 3099 eb
337 3053 445 3100 llebrteis
457 3053 553 3099 ductum
568 3052 670 3109 dicebat,
685 3056 746 3099 teste
763 3054 819 3100 Ori·
870 3053 985 3110 invisisse,
995 3057 1020 3100 et
1029 3054 1060 3099 cb
1070 3053 1099 3099 iis
1109 3053 1332 3113 hemiseequesdem
1341 3055 1400 3101 Phl-

294 3142 357 3189 gene
374 3133 457 3174 contra
475 3128 576 3176 Celsum
593 3126 656 3184 (Lib.
675 3139 695 3174 1.
710 3140 768 3187 pag.
782 3129 819 3174 13.
869 3126 985 3187 losophise
995 3141 1045 3173 snm
1053 3127 1175 3186 dogmate,
1185 3127 1214 3173 de
1224 3127 1279 3174 Vita
1290 3129 1399 3188 Pythay.

293 3203 343 3250 Ed.
356 3202 440 3260 Cant.)
456 3204 523 3250 Idem
536 3202 693 3262 etJosephus
703 3202 820 3248 Hebraeus
871 3200 936 3261 511.
951 3201 1001 3247 Ed
1015 3201 1121 3248 Koitai.
1146 3201 1224 3263 Apud
1234 3202 1400 3249 Jsmblichum

293 3280 409 3339 prodidit,
425 3284 450 3326 et
469 3278 620 3325 Jsmblichns
635 3277 819 3338 Pythagoricus.
870 3276 991 3323 sutemnil
1001 3277 1049 3322 tule
1058 3276 1185 3335 reperitur.
1215 3276 1299 3337 te]

293 3354 384 3414 [Locus
400 3353 504 3415 Josephi
524 3358 605 3400 exstet
624 3354 678 3400 Lib.
697 3367 714 3398 1.
737 3359 820 3399 contra
914 3350 1115 3408 ¹Utrtecy'ssrato
1129 3350 1400 3413 ootaedamr11’hilo

291 3431 378 3490 Apiom
393 3430 456 3491 522.
474 3429 544 3476 Edit.
562 3428 638 3474 oron.
657 3429 745 3476 Verum
762 3441 818 3487 pro·
869 3426 919 3486 (De
931 3426 1018 3473 Decal.
1033 3440 1090 3487 peg.
1103 3427 1148 3475 too
1158 3427 1192 3485 o.)
1203 3428 1268 3483 Ἠδη
1284 3428 1335 3488 γάρ
1351 3427 1400 3488 ὅγε

291 3505 371 3550 babile
381 3504 510 3550 &medum
522 3508 566 3558 est,
576 3503 707 3561 legendum
722 3502 754 3547 ibi
771 3515 818 3546 non
869 3501 942 3560 ὀμνὺς
962 3504 997 3547 sle
1014 3500 1139 3547 ἀπιστίαν
1158 3501 1316 3548 travecti-at·
1338 3502 1401 3549 Jan

292 3578 426 3634 Ἰουδαίων,
440 3578 482 3624 scd
494 3577 598 3632 Ἰδαίων,
612 3581 641 3621 ut
656 3576 759 3634 conjecit
774 3575 820 3622 Vir
869 3576 929 3621 emim
936 3576 965 3633 is,
975 3575 1214 3636 oquojusy'urorsdum
1220 3577 1333 3636 eripitur,
1339 3590 1400 3637 per-

292 3650 478 3697 Eruditissimus
508 3650 534 3697 J.
558 3649 675 3708 Clericus,
699 3649 770 3694 Tem.
795 3663 819 3695 x.
862 3650 1114 3709 fidioeoetsuspeetus.
1141 3651 1266 3710 Sophoclis
1278 3650 1401 3712 OEds'yrode

293 3723 410 3771 Biblioth.
431 3723 535 3779 Selectoe,
558 3735 616 3781 png.
642 3722 694 3778 162,
714 3727 736 3767 et
754 3735 818 3782 seqq.
872 3723 1207 3786 ColoaeodixeretOEdipnss

344 3978 361 4027 5
390 3970 565 4043 Pythagoras
589 3986 681 4026 seems
703 3975 734 4026 to
759 3970 832 4027 heve
852 3970 939 4027 taken
963 3972 1019 4028 this
1049 3974 1123 4029 from
1145 3974 1196 4030 the
1213 3975 1344 4042 Essenos,
1364 3992 1401 4031 οι·

292 4055 375 4113 those
389 4057 452 4112 who
465 4056 596 4111 followed
609 4055 657 4110 the
668 4057 796 4113 Essenes.
831 4058 883 4112 His
902 4067 1019 4131 precept
1037 4061 1070 4125 is,
1092 4061 1148 4114 Not
1161 4071 1188 4115 to
1205 4078 1292 4115 swoar
1310 4062 1401 4133 bytho

291 4145 366 4213 gode,
372 4145 428 4214 sor
437 4160 492 4214 you
506 4142 587 4212 might
605 4150 631 4195 to
645 4152 688 4195 act
706 4160 734 4197 eo
754 4145 812 4197 mot
831 4162 891 4199 rnen
906 4145 996 4199 believe
1012 4163 1069 4216 you
1083 4147 1194 4200 withmtt
1209 4164 1248 4200 aa
1262 4148 1344 4201 oetier
1365 4164 1400 4203 so

293 4226 343 4282 the
362 4228 511 4299 Scythium
538 4226 568 4280 in
593 4226 720 4282 Curtius:
743 4245 774 4284 eo
794 4229 892 4284 Cicero
916 4230 962 4284 for
978 4232 1114 4294 Roscius3
1137 4231 1242 4296 Solony
1267 4232 1401 4289 Clemens

292 4312 516 4376 Alexandrinusy
533 4311 627 4366 Alexis
642 4311 691 4367 tho
706 4313 802 4368 (iomic
814 4315 894 4369 Poet.
931 4315 1028 4370 Oicero
1044 4316 1146 4370 relatos
1161 4316 1224 4371 thet
1236 4323 1267 4371 ut
1281 4316 1401 4385 Athene,

294 4396 374 4451 when
395 4415 413 4452 a
426 4396 533 4451 certain
553 4413 629 4461 men,
647 4399 735 4454 noted
752 4399 800 4454 ior
817 4398 861 4455 his
875 4399 998 4454 holiness
1013 4401 1070 4454 end
1084 4403 1203 4473 grerity‚
1216 4401 1275 4457 hed
1288 4408 1321 4458 to
1335 4405 1402 4475 gire

293 4476 338 4535 his
349 4482 508 4552 testimony,
522 4483 579 4537 end
593 4484 772 4554 upproeched
782 4482 833 4539 the
847 4484 1070 4552 ulscisceretur,
1085 4485 1134 4542 the
1144 4486 1247 4558 judges
1259 4488 1329 4543 with
1344 4506 1402 4548 one
