3000 5062
282 276 324 338 80
643 283 695 338 DE
719 281 1020 338 contraeuntes.
1264 278 1388 350 [amn

282 446 449 533 impendia,
467 446 609 514 scrantur
633 469 654 513 a
676 446 806 513 dominis
830 447 955 512 navium
975 453 1008 512 et
1030 441 1178 509 mercium
1195 446 1278 531 npro
1295 452 1391 530 parte

283 567 377 630 qnam
405 546 523 612 habent
550 546 583 612 in
608 568 645 612 ea
670 567 799 611 summa.
851 548 894 611 Et
919 546 987 610 haec
1011 543 1146 630 quidem,
1163 563 1235 630 quoe
1251 541 1390 609 diximus

282 644 442 720 hactenns,
459 644 518 731 ipsi
530 644 597 731 juri
613 653 735 711 naturae
751 651 825 710 sunt
841 653 1054 709 consentanea

359 744 480 810 XXVI.
534 750 552 808 1
587 745 655 809 Nec
671 743 704 807 in
721 743 770 807 his
784 743 857 828 jure
874 742 1014 830 gentium
1031 739 1206 807 voluntario
1222 739 1389 826 quicquam

283 850 437 909 mutatum
462 850 614 930 apparet:
644 865 707 907 nno
730 849 869 928 excepto,
896 841 980 927 quod
1001 839 1197 926 inaequalitas
1222 861 1329 905 rerum
1354 840 1388 905 in

285 962 378 1026 quam
409 964 590 1007 consensum
617 950 676 1018 est,
707 939 780 1005 ‘nbi
806 961 864 1005 neo
892 938 1084 1004 mendacium
1113 937 1299 1015 intercessit,
1328 961 1388 1004 nec

285 1039 352 1126 ejus
370 1041 454 1126 qnod
472 1040 590 1106 diotnm
607 1038 744 1126 oportuit
768 1038 943 1114 reticentia,
969 1037 1003 1102 in
1026 1036 1197 1103 actionibus
1222 1037 1387 1103 exteriori-

282 1138 341 1204 bus
363 1159 421 1224 pro
448 1138 625 1224 aequalitate
647 1137 802 1202 habetur:
825 1136 870 1202 ita
886 1145 922 1202 ut
938 1136 1092 1221 quomodo
1104 1135 1178 1220 jure
1199 1135 1282 1200 civili
1310 1146 1388 1202 ante

283 1235 533 1302 constitutionem
560 1233 746 1300 Diocletiani
770 1234 852 1300 actio
877 1233 911 1299 in
932 1234 1099 1300 soronulla
1120 1234 1256 1299 dabatur
1273 1235 1387 1301 adver-

284 1354 336 1398 sus
365 1333 461 1398 talem
487 1332 739 1419 inequalitatem,
764 1332 810 1398 ita
834 1354 892 1398 neo
917 1331 1000 1399 inter
1017 1354 1070 1398 cos
1087 1331 1141 1419 qui
1153 1331 1226 1418 jure
1244 1333 1387 1419 gentium

283 1430 349 1496 solo
372 1430 528 1497 sociantur
554 1430 676 1496 exactio
702 1440 758 1496 ant
781 1431 898 1497 coactio
919 1431 961 1497 sit
981 1431 1165 1496 eonomine.
1213 1431 1286 1496 Hoc
1303 1432 1387 1496 enim

152 1553 270 1638 pean
284 1530 442 1615 estquod
469 1529 515 1596 ait
542 1528 739 1616 Pomponius,
771 1529 805 1595 in
833 1530 934 1616 pretio
962 1528 1148 1596 venditionis
1176 1538 1210 1596 et
1241 1529 1387 1597 emtionis

118 1626 266 1732 ’ἅμα
283 1628 469 1696 naturaliter
485 1628 579 1695 licere
600 1650 634 1693 so
653 1638 761 1694 mutuo
783 1627 1026 1695 circumvenire:
1052 1628 1105 1694 ubi
1129 1627 1224 1695 licere
1250 1636 1299 1694 eet
1323 1651 1387 1695 non

283 1728 408 1814 quidem
428 1727 476 1793 ias
498 1750 575 1804 esse,
602 1727 658 1792 sed
682 1726 727 1793 ita
748 1726 888 1814 permitti
908 1737 945 1793 nt
965 1728 1084 1792 nullum
1101 1735 1211 1793 contra
1226 1726 1387 1814 proditum

282 1827 324 1893 sit
340 1825 512 1892 remedium
527 1826 561 1892 in
576 1849 646 1892 eum
664 1825 717 1912 qui
733 1848 767 1891 se
784 1834 876 1913 pacto
893 1824 970 1891 velit
990 1826 1165 1891 defendere.

360 1927 381 1992 2
410 1926 623 1992 ‘'Naturaliter
639 1935 744 1990 antem
761 1947 798 1990 eo
815 1924 848 1990 in
864 1924 943 2001 loco,
960 1933 996 1990 ut
1013 1932 1046 1990 et
1059 1924 1133 1990 alibi
1148 1924 1316 2002 interdum,
1330 1947 1387 2013 po·

281 2025 376 2092 situm
395 2034 444 2092 est
460 2047 517 2113 pro
532 2047 570 2092 eo
587 2025 670 2112 qnod
685 2024 803 2112 recepti
820 2022 934 2111 passim
945 2023 1039 2088 moris
1055 2032 1116 2089 eet:
1134 2024 1288 2110 quomodo
1300 2025 1387 2111 apnd

118 2136 261 2178 mmm
281 2125 464 2212 Apostolum
497 2125 628 2189 Paulum
657 2123 726 2209 ipsa
756 2131 871 2188 natura
903 2123 1015 2188 docere
1048 2121 1162 2188 dicitur
1196 2123 1264 2190 viro
1291 2131 1386 2211 turpe

280 2244 349 2288 esso
370 2244 489 2287 comam
514 2222 609 2299 alere,
633 2244 702 2287 oum
719 2229 825 2286 tamen
846 2220 880 2286 id
900 2241 1001 2307 neque
1024 2229 1179 2309 repugnet
1200 2229 1334 2298 naturae,
1352 2231 1385 2288 et

282 2321 396 2387 multos
411 2320 497 2408 apud
511 2320 641 2407 populos
658 2318 806 2384 usitatum
821 2319 870 2386 sit
914 2319 968 2384 Sic
991 2318 1143 2385 idolorum
1160 2319 1304 2397 cultores,
1322 2343 1386 2386 non

280 2430 385 2487 autem
408 2419 534 2505 quosvis
550 2418 689 2483 homines
714 2414 815 2508 φύσει
832 2419 999 2496 ματαίους,
1018 2418 1125 2497 idest,
1142 2431 1269 2485 natura
1283 2443 1386 2486 vanos

279 2519 417 2604 appellat
448 2517 583 2604 scriptor
612 2515 685 2580 libri
720 2515 900 2601 Sapientiae,
931 2524 964 2582 et
1002 2512 1104 2586 τέκνα
1139 2512 1239 2610 φύσει
1276 2515 1383 2612 ὀργῆς

325 2673 806 2733 ¹Proprrtequaataoenttneasum-
856 2676 944 2735 cap.8.
958 2673 1006 2735 ξι).
1036 2673 1107 2722 J.B.

279 2746 331 2807 nu]
352 2747 415 2794 Vide
430 2747 506 2793 simile
523 2748 547 2792 lu
562 2748 580 2792 l.
597 2748 807 2807 wisigotthorum,
899 2757 911 2782 ⁰
926 2748 1083 2794 Naturaliter
1094 2752 1172 2794 auum
1186 2762 1214 2794 eo
1228 2749 1254 2794 ia
1264 2749 1328 2809 loeo]
1344 2749 1384 2797 Sic

280 2820 355 2867 Libro
365 2834 392 2868 r.
402 2821 441 2867 tit
451 2835 474 2866 v.
485 2835 507 2868 c.
517 2823 540 2868 5.
857 2823 959 2880 Gellius,
972 2822 1027 2869 Lib.
1039 2835 1079 2869 rx.
1092 2825 1161 2869 o.10.
1177 2822 1206 2868 dc
1215 2823 1280 2869 Aeta
1293 2823 1385 2881 Corun-

327 2895 337 2924 ⁵
353 2895 444 2942 Confer
460 2894 513 2941 heio
529 2895 738 2943 Pmsnnoarrnu
751 2911 807 2942 nos-
854 2898 923 2958 pult.-
940 2911 989 2943 rere
998 2902 1092 2943 adura
1100 2898 1151 2958 lece
1159 2897 1321 2956 ομήιιιάαιι.

281 2974 355 3028 hum,
370 2971 411 3017 De
425 2970 488 3018 Jure
502 2970 563 3018 Nat.
581 2977 604 3018 et
620 2971 690 3020 Grnt.
711 2973 765 3020 Lib.
780 2985 805 3018 v.
899 2969 910 2998 ⁸
925 2971 985 3017 Post
1000 2972 1102 3031 primam
1114 2972 1183 3018 istius
1194 2971 1283 3032 Operis
1297 2986 1385 3021 noen-

279 3223 340 3278 tion
354 3221 403 3279 the
415 3223 500 3279 losecs
512 3222 603 3278 which
615 3223 681 3278 take
695 3221 784 3294 place,
798 3238 902 3292 among
913 3219 1004 3275 which
1018 3236 1067 3276 are
1078 3219 1128 3275 the
1142 3235 1278 3290 expensos
1289 3219 1324 3275 oi
1332 3219 1383 3275 the

279 3309 418 3364 wounded
432 3326 506 3375 men,
523 3326 628 3380 among
642 3308 692 3363 the
711 3324 818 3363 owners
833 3307 866 3362 of
878 3307 927 3362 the
941 3305 1018 3377 ships
1032 3305 1089 3359 and
1103 3321 1217 3375 cargoee
1231 3306 1384 3376 according

279 3400 311 3450 to
322 3396 397 3450 their
407 3397 572 3466 proportion
584 3395 618 3449 oi
628 3395 692 3449 thet
705 3410 777 3447 sum.
814 3392 879 3447 And
893 3390 969 3446 what
987 3407 1029 3446 we
1043 3389 1115 3445 bare
1128 3390 1253 3445 hitherto
1267 3391 1330 3447 said
1344 3407 1383 3446 on

280 3478 337 3533 this
350 3479 459 3547 subject
473 3481 497 3533 is
511 3479 658 3548 agreeublo
672 3483 703 3532 to
718 3477 840 3531 Natural
853 3478 928 3530 Law.

337 3562 448 3614 XXVL
479 3568 493 3613 1
515 3563 578 3616 Nor
591 3564 622 3614 in
636 3560 716 3614 these
727 3568 845 3614 matters
856 3561 880 3614 is
894 3559 1030 3632 anything
1044 3560 1171 3631 changed
1185 3559 1223 3631 by
1237 3559 1287 3616 the
1300 3561 1383 3616 insti·

280 3644 362 3698 tutcd
373 3644 440 3696 haw
451 3644 485 3696 οι·
492 3645 627 3707 Nations3
649 3645 798 3714 exoepting
809 3644 865 3699 this
876 3646 951 3715 only,
965 3645 1065 3701 thetis
1075 3663 1112 3701 an
1124 3647 1278 3717 inequality
1290 3646 1325 3701 ot
1331 3647 1383 3702 the

280 3727 486 3783 contributione
497 3727 534 3781 bo
547 3728 650 3797 agreed
664 3745 750 3798 upon,
763 3728 829 3792 this,
840 3728 933 3783 where
944 3729 1025 3785 there
1039 3733 1063 3786 is
1078 3731 1190 3786 neither
1203 3732 1274 3786 salse
1288 3732 1383 3786 decla·

280 3813 374 3867 ration
388 3827 441 3865 nor
454 3811 595 3866 reticenoe
614 3812 648 3866 of
661 3812 736 3866 what
756 3812 845 3883 ought
859 3821 889 3867 to
906 3813 977 3869 hare
991 3815 1064 3871 been
1077 3817 1147 3882 said,
1167 3817 1239 3870 isin
1258 3818 1384 3872 exterior

280 3898 388 3953 actions
401 3896 468 3951 held
480 3897 525 3951 sor
539 3896 671 3967 equality.
716 3897 781 3951 And
792 3898 866 3964 thus,
880 3916 912 3953 aa
926 3900 963 3971 by
974 3900 1024 3956 the
1036 3902 1107 3956 civil
1121 3903 1187 3955 Lew
1201 3902 1300 3957 before
1311 3903 1384 3957 Dio-

280 3984 385 4038 cletian
402 3982 483 4037 there
496 3998 552 4036 was
565 3997 604 4036 no
617 3983 712 4036 action
727 3983 825 4037 before
839 4000 856 4037 a
870 3992 952 4039 court
963 3985 996 4040 of
1006 3986 1059 4040 law
1073 3987 1120 4041 ior
1132 3985 1202 4041 such
1217 3987 1382 4060 inequality,

280 4085 312 4123 so
327 4085 389 4123 now
403 4084 507 4137 among
521 4066 602 4121 those
616 4066 678 4121 who
692 4084 741 4122 aro
755 4070 910 4125 connected
924 4070 991 4141 only
1008 4071 1046 4141 by
1060 4071 1110 4126 the
1124 4073 1191 4126 Lew
1205 4072 1240 4126 of
1250 4073 1383 4139 Nations,

280 4154 399 4208 therela
416 4170 454 4207 no
472 4151 594 4206 demand
615 4167 649 4206 or
673 4153 846 4224 compulsion
868 4155 984 4210 allowed
1000 4172 1038 4209 on
1057 4156 1120 4211 that
1137 4163 1267 4212 aooourn,
1312 4157 1383 4212 This

280 4253 377 4306 agrees
397 4237 465 4291 with
484 4237 559 4291 what
572 4237 744 4307 Pomponius
763 4255 835 4310 says,
855 4240 919 4295 that
936 4241 966 4294 in
984 4240 1034 4295 the
1052 4243 1129 4311 price
1150 4242 1183 4297 of
1203 4242 1304 4313 selling
1322 4243 1383 4298 and

280 4320 394 4390 bnying,
414 4323 438 4375 it
458 4322 483 4374 is
496 4321 637 4392 naturally
656 4321 774 4377 allowed
794 4329 825 4378 to
842 4342 907 4380 men
925 4331 955 4380 to
978 4326 1151 4381 circumvent
1172 4344 1227 4382 one
1244 4327 1380 4383 another:

280 4403 374 4458 where
388 4406 501 4460 allowed
512 4421 618 4472 means,
635 4413 687 4462 not
701 4407 764 4463 that
777 4409 800 4463 it
814 4409 933 4481 isright,
950 4410 1003 4465 bnt
1021 4410 1084 4466 that
1099 4411 1181 4468 there
1194 4413 1219 4467 is
1232 4412 1303 4468 such
1314 4429 1384 4485 perh
