3000 5062
279 291 322 360 7ο
637 301 690 356 nu
713 299 1016 358 conranorrnus.
1255 299 1330 370 [urs
1343 303 1384 359 11

114 491 253 538 suerri
356 463 447 530 XVI.
493 460 701 548 Monopolia
704 482 766 526 nou
783 459 886 526 omnis
902 483 972 527 cum
984 460 1058 548 jure
1074 467 1196 528 natura
1213 473 1377 551 pugnant:

279 583 353 628 nam
375 569 506 649 possunt
529 561 685 627 interdum
707 581 865 627 asumma
889 569 1045 646 potestate
1070 560 1209 647 permitti
1230 561 1316 647 justa
1343 562 1385 630 de

279 683 373 727 causa
394 670 428 727 et
448 660 549 748 pretio
571 659 759 726 constituto:
782 658 869 744 cujus
891 659 939 724 rei
959 659 1136 746 exemplum
1155 659 1244 726 nobis
1259 660 1383 728 illustre

279 762 402 847 praebet
417 761 440 827 J
441 759 548 846 osephr
570 758 701 825 historia
717 757 828 823 ⁹cum
819 780 846 823 ιι
863 757 930 823 vice
954 758 1043 846 regia
1058 758 1205 848 AEgypto
1222 770 1382 846 praeesset.

281 860 332 926 Sic
349 869 383 926 et
397 861 455 926 sub
476 858 628 925 Romanis
648 855 854 924 Alexandrini
878 856 1055 923 Indicarum
1073 867 1106 924 ct
1128 857 1383 946 AEthiopicarum

278 960 427 1026 mercium
443 959 610 1035 habebant,
628 960 681 1024 'ut
697 957 812 1023 Strabo
829 954 976 1043 loquitur,
993 962 1229 1036 μονοπωλεὶαν.
1271 959 1384 1026 Potest

278 1067 312 1125 et
338 1082 358 1125 a
383 1058 514 1146 privatis
540 1056 671 1135 institui,
701 1077 791 1142 aequo
820 1054 975 1121 duntaxat
999 1056 1191 1142 compendio.
1242 1056 1286 1122 Ae
1314 1057 1381 1144 qui,

278 1159 368 1225 utin
392 1157 530 1224 Velabro
558 1155 676 1233 olearii,
693 1150 749 1220 tdc
771 1163 931 1241 compacto
953 1154 986 1221 id
1010 1164 1120 1244 agunt,
1145 1163 1182 1221 ut
1207 1177 1258 1223 res
1285 1177 1383 1243 supra

277 1256 412 1345 pretium
437 1255 471 1320 id
496 1255 580 1341 quod
604 1275 757 1319 summum
779 1274 860 1318 nune
881 1253 983 1319 estin
1005 1253 1159 1320 communi
1180 1253 1281 1342 pretio
1306 1277 1382 1320 ven·

277 1355 405 1434 dantur,
422 1362 478 1419 aut
495 1353 536 1431 vi,
557 1362 614 1419 aut
634 1352 745 1418 fraude
763 1350 937 1437 impediunt
957 1374 998 1418 ne
1021 1352 1120 1439 major
1145 1353 1235 1440 copia
1261 1352 1379 1440 impor-

277 1461 373 1531 tetur,
391 1461 447 1518 aut
468 1451 539 1518 ideo
561 1473 680 1518 merces
700 1459 843 1517 coemunt
865 1459 902 1516 ut
924 1450 1064 1518 vendant
1079 1452 1182 1539 pretio
1199 1453 1283 1538 quod
1299 1461 1379 1518 tem-

276 1574 355 1641 pore
388 1551 574 1618 venditionis
602 1551 742 1637 iniquum
771 1549 821 1626 sit,
853 1548 998 1636 iujuriam
1030 1550 1158 1629 iaciunt,
1185 1560 1282 1636 atque
1307 1572 1377 1617 eam

275 1674 426 1739 reparare
443 1659 597 1718 tenentur.
645 1649 738 1730 Quod
754 1649 780 1714 si
797 1647 857 1714 alio
873 1649 966 1715 modo
982 1649 1156 1737 impediunt
1171 1648 1380 1716 invectionem

276 1751 435 1828 mercium,
452 1759 509 1816 aut
532 1750 604 1815 ideo
629 1757 781 1825 coemunt,
805 1754 843 1813 ut
866 1746 965 1834 pluris
988 1749 1137 1825 vendant,
1155 1748 1257 1836 pretio
1274 1757 1381 1815 umen

275 1872 333 1939 pro
363 1849 513 1937 temporis
537 1849 659 1916 ratione
685 1870 748 1913 non
777 1845 893 1933 iniquo,
924 1845 1042 1913 faciunt
1071 1847 1198 1933 quidem
1225 1847 1380 1914 adversus

275 1949 413 2016 caritatis
428 1971 579 2028 normam,
596 1949 680 2035 qued
703 1945 809 2013 multis
831 1944 945 2011 evincit
964 1945 1147 2013 Ambrosius
1168 1945 1249 2013 libro
1266 1945 1381 2013 officio-

155 2086 160 2097 ·
274 2071 344 2115 rum
362 2048 465 2127 tertio,
483 2049 539 2115 sed
556 2047 683 2136 proprie
694 2047 749 2134 jus
764 2042 894 2119 alterins
909 2066 973 2109 non
990 2044 1116 2111 violant.

349 2150 456 2216 XVII.
498 2149 549 2213 De
565 2147 696 2235 pecunia
711 2143 880 2218 sciendum,
898 2164 968 2209 eam
984 2142 1172 2210 naturaliter
1187 2143 1380 2211 functionem

273 2247 424 2334 recipere,
452 2251 536 2311 unon
561 2245 595 2310 in
619 2243 752 2310 materia
774 2241 848 2319 sola,
877 2263 935 2307 nec
962 2240 996 2306 in
1023 2242 1148 2330 speciali
1168 2243 1380 2330 appellatione

318 2429 329 2455 ³
342 2419 399 2468 Non
413 2420 493 2466 munio
506 2418 720 2476 eumjunneturae
737 2431 800 2477 puy-
849 2416 937 2468 vare,
949 2414 1003 2461 vide
1013 2414 1118 2462 Plinium
1128 2429 1187 2462 vrrr.
1197 2416 1235 2464 st.
1251 2416 1282 2462 de
1292 2429 1379 2464 mono·

271 2493 341 2555 nont]
364 2495 431 2541 Nota
440 2493 549 2540 Thaletis
559 2491 672 2537 Historia
682 2491 710 2537 de
723 2490 798 2536 ortos·-
848 2489 914 2549 pollo
924 2489 1002 2547 sarid,
1014 2489 1158 2551 ProcopIum
1168 2491 1193 2536 Iu
1202 2489 1318 2538 H'utorr'a
1324 2492 1378 2538 Ar-

271 2577 327 2627 tute,
338 2570 403 2630 [quse
415 2569 480 2614 varie
489 2583 505 2614 a
513 2567 585 2614 variis
596 2567 707 2614 martur.
736 2566 800 2614 Vide
848 2578 918 2611 cana.
934 2563 1009 2625 (Cap.
1021 2564 1072 2626 ab.)

271 2640 349 2687 Arist.
361 2639 460 2686 Potitio.
470 2651 488 2682 ι.
499 2640 536 2682 11.
561 2635 667 2695 Diogen,
683 2636 765 2683 Laert.
780 2649 799 2683 r.
892 2637 903 2667 ⁸
918 2639 983 2684 Male
1000 2639 1104 2698 quadrat
1120 2640 1265 2700 exemplum,
1280 2644 1309 2687 ut
1331 2643 1378 2689 ob-

271 2714 310 2762 16.
320 2713 402 2773 ibique
412 2709 484 2770 lott]
501 2711 622 2771 Pythoelis
634 2711 758 2758 inventum
768 2713 799 2758 de
847 2714 950 2761 servavst
959 2714 1171 2772 Purasnoarrus,
1181 2715 1247 2762 dieto
1256 2716 1319 2763 looo.

270 2790 371 2850 plumbo
386 2788 459 2849 Tyrio
473 2787 611 2843 coemendo,
626 2787 690 2833 unde
704 2787 797 2834 luorum
890 2797 899 2823 ¹
918 2787 951 2834 Ut
973 2787 1061 2834 Strabo
1078 2788 1194 2848 loquitar]
1216 2790 1290 2836 Libro
1308 2804 1377 2839 xvrr.

270 2867 362 2912 Iaceret
377 2862 532 2910 Atheniensis
546 2861 660 2922 populus,
676 2867 713 2909 est
732 2863 797 2922 apud
846 2864 880 2924 (p.
895 2864 951 2922 798)
965 2864 1020 2909 vide
1036 2868 1061 2910 et
1077 2864 1245 2911 Cassiodorum
1261 2867 1298 2922 11,
1311 2868 1334 2913 4.
1349 2874 1378 2916 et

271 2938 428 2987 Aristotelem
440 2936 607 2984 OEconorm'eon
620 2950 651 2985 ιι.
667 2939 740 2999 (pag.
751 2941 798 2987 blo
844 2939 883 2988 26.
899 2938 982 2999 [istud
996 2951 1093 2998 quoque
1108 2939 1245 2999 exemplum
1258 2940 1378 2988 (1οΜοι-

268 3025 296 3061 n.
307 3025 333 3060 a.
344 3011 412 3059 Edit.
423 3011 508 3058 Par-is.
523 3011 593 3058 Tem.
609 3008 651 3070 ιι.)
667 3012 697 3057 de
711 3025 797 3058 mono·
844 3013 960 3073 mdrinh,
971 3026 1020 3059 non
1029 3013 1151 3074 congruit.
1168 3014 1264 3074 losploe
1274 3016 1377 3064 Strabo·

270 3086 336 3147 pello
352 3085 522 3143 erinaocornm,
540 3084 626 3145 quibus
641 3083 797 3144 expoliuntur
843 3087 978 3135 nulooum.
1008 3087 1089 3149 J.B.]

325 3336 407 3392 XVI.
445 3336 510 3391 Itis
524 3342 576 3392 not
586 3336 624 3391 all
638 3336 812 3409 monopolies
824 3336 915 3393 which
926 3353 976 3392 are
990 3341 1021 3392 st
1031 3335 1161 3391 varianee
1172 3335 1240 3390 with
1250 3336 1375 3393 Natural

267 3422 343 3478 hav,
388 3423 565 3494 MonopoIIos
582 3439 648 3494 may
664 3423 825 3478 sometimes
839 3422 876 3478 bo
896 3421 1050 3493 permitted
1066 3422 1105 3493 by
1119 3420 1169 3475 the
1185 3430 1374 3492 governme'nt

268 3507 313 3563 1οι
327 3511 387 3578 just
409 3523 500 3571 causo,
518 3507 575 3560 and
589 3513 620 3561 at
633 3523 652 3560 a
672 3507 775 3562 settled
795 3507 891 3578 prioe;
913 3508 947 3561 01
957 3507 1048 3562 which
1062 3524 1104 3562 we
1118 3505 1190 3561 have
1209 3524 1228 3561 a
1246 3508 1374 3563 remark·

268 3591 333 3646 able
353 3591 481 3661 example
502 3591 532 3643 in
555 3590 605 3645 the
626 3597 746 3646 account
763 3591 796 3644 01
816 3590 945 3662 Joseph’e
967 3592 1193 3647 adminIstration
1215 3592 1249 3647 of
1268 3593 1373 3664 Egypt.

270 3677 309 3731 So
324 3675 415 3729 under
427 3674 478 3729 the
489 3675 615 3729 Romans
629 3676 679 3730 the
693 3674 897 3732 Alexandriana
911 3676 969 3731 had
983 3678 1032 3734 the
1051 3678 1204 3750 monopoly
1219 3678 1252 3732 01
1270 3678 1375 3735 Indiam

268 3758 491 3830 sndEthIopian
512 3774 608 3813 vareo.
653 3760 830 3832 Monopolies
848 3778 913 3834 may
933 3764 994 3819 also
1016 3763 1052 3819 be
1074 3762 1245 3819 established
1259 3762 1298 3835 by
1311 3765 1371 3835 pri·

267 3851 333 3901 vate
347 3860 471 3917 persone,
487 3843 624 3915 provided
637 3843 706 3917 they
718 3845 755 3900 be
770 3861 807 3901 on
826 3848 969 3919 equitable
989 3855 1085 3904 terme.
1123 3849 1181 3903 But
1201 3848 1227 3902 if
1246 3865 1373 3920 persons,

267 3931 325 3986 like
343 3931 393 3986 tho
408 3930 561 3986 Velabrian
582 3930 803 3998 eil-metobaure,
821 3939 903 3990 enter
923 3936 984 3991 into
1001 3951 1019 3990 a
1036 3934 1228 3990 combiuation
1245 3939 1276 3988 to
1299 3935 1376 3991 raiae

267 4015 317 4073 the
337 4019 414 4090 price
428 4017 518 4072 above
532 4015 582 4071 the
597 4033 727 4072 common
741 4021 827 4089 prIce,
840 4036 874 4075 or
888 4027 1006 4093 prevent
1021 4021 1059 4093 by
1072 4020 1157 4075 fraud
1172 4035 1205 4074 or
1220 4018 1300 4074 force
1319 4020 1373 4077 the

266 4102 449 4175 importation
464 4104 498 4158 01
508 4120 526 4157 a
539 4103 633 4173 larger
654 4105 791 4178 quantity,
809 4105 872 4162 that
886 4107 955 4180 they
974 4122 1039 4179 may
1058 4106 1117 4178 buy
1137 4122 1177 4178 up
1197 4104 1247 4160 the
1271 4105 1373 4162 article

266 4189 323 4243 ond
337 4191 389 4245 sell
402 4191 426 4243 it
440 4195 471 4244 at
484 4206 503 4243 a
516 4189 594 4259 prloe
610 4188 701 4244 which
715 4196 746 4247 at
759 4192 808 4248 the
823 4193 892 4249 tiore
907 4193 940 4248 of
954 4192 1013 4248 sale
1033 4193 1057 4246 Is
1072 4190 1287 4255 unreasonable,
1301 4190 1373 4263 they

265 4289 314 4328 arc
329 4275 419 4347 guilty
437 4274 470 4329 01
486 4292 505 4329 a
524 4290 628 4345 wrong,
643 4276 699 4330 and
712 4295 761 4333 ere
774 4279 872 4334 bound
886 4285 917 4335 to
931 4278 1026 4351 repair
1039 4277 1072 4331 it.
1117 4276 1149 4330 If
1166 4277 1196 4330 in
1216 4293 1273 4349 uny
1288 4277 1373 4333 other

265 4370 327 4427 rvay
341 4360 409 4431 they
422 4365 543 4431 prevent
554 4359 603 4415 the
615 4362 796 4434 importation
809 4366 843 4420 01
852 4381 947 4429 varee,
964 4365 995 4416 iu
1006 4361 1091 4417 order
1109 4365 1139 4415 to
1152 4360 1204 4415 sall
1215 4361 1294 4416 them
1307 4368 1339 4418 at
1353 4380 1373 4420 a

265 4439 366 4513 hIgher
375 4445 460 4514 price,
470 4443 578 4516 though
587 4445 617 4500 in
626 4448 674 4505 the
683 4456 757 4507 etate
768 4450 802 4507 01
810 4450 860 4506 the
870 4447 1295 4505 marketnotanunressonsble
1307 4465 1372 4518 one,
