3000 5062
123 1561 170 1638 lilb.
178 1597 199 1636 li.

285 313 347 376 280
728 315 780 370 nn
802 313 940 370 rmum.
1256 313 1332 384 [un.
1348 317 1388 374 11.
1463 347 1466 353 -

360 489 380 552 2
416 485 450 553 Si
484 505 559 551 roro
586 480 755 571 periculum
781 481 908 570 respicit
939 459 1036 548 futuri
1067 480 1140 547 moli
1167 503 1207 548 ex
1238 482 1390 550 dilutione

284 608 393 675 poenae,
418 584 570 651 censenda
584 591 633 649 eet
652 582 705 669 jus
721 605 758 648 nc
770 590 955 669 potestatem
972 580 1125 669 publicam
1142 581 1264 671 privato
1280 605 1390 649 conee-

285 687 373 762 dere‚
391 685 438 750 ito
452 693 488 750 ut
500 683 565 770 jam
581 682 721 769 privatus
737 704 799 746 non
817 683 866 747 sit.

358 784 460 871 Hujus
473 781 597 871 generis
609 789 658 846 est
669 782 720 846 lex
733 780 786 846 illo
797 781 830 846 in
844 779 957 847 Codice
969 781 991 846 J
993 779 1163 846 ustinioneo
1176 780 1234 846 sub
1250 782 1390 860 rubrica,

287 884 410 971 quondo
432 883 524 948 liceat
547 880 711 966 unicuique
733 880 798 945 sine
815 880 920 966 judice
937 901 971 944 ee
988 879 1146 945 vindicare
1161 881 1211 945 vel
1233 881 1391 966 publicam

286 982 493 1058 devotionem,
517 980 570 1046 ubi
587 978 767 1065 cuicumque
783 978 908 1044 licentio
923 978 1017 1044 detur
1036 978 1183 1064 supplicio
1201 979 1393 1068 subjugandi

287 1083 399 1148 milites
424 1080 621 1167 populatores
645 1079 705 1143 hoc
729 1078 836 1143 oddita
858 1077 998 1143 racione:
1023 1079 1139 1164 melius
1160 1081 1244 1144 euim
1266 1093 1316 1146 eet
1339 1103 1393 1146 oe·

287 1184 637 1263 correctionem,
658 1200 757 1263 quom
774 1189 849 1263 post
865 1180 988 1242 coitum
1009 1179 1188 1243 uindicare.
1240 1181 1393 1244 Vestram

287 1282 392 1365 igitur
407 1280 495 1344 uobis
507 1279 728 1362 permittimus
751 1278 913 1353 ultionem,
932 1288 961 1341 et
979 1279 1064 1358 quod
1085 1299 1192 1341 serum
1208 1290 1254 1343 est
1265 1280 1393 1364 punire

280 1380 410 1462 judicio
422 1378 628 1460 eulp’upomus
640 1377 753 1451 edicto,
765 1387 802 1439 ut
817 1376 928 1441 uultus
939 1387 1063 1460 porcat
1074 1377 1176 1441 militi
1188 1379 1243 1442 cui
1258 1379 1394 1442 obuius-e

289 1479 349 1543 telo
374 1487 520 1561 oporteat
536 1486 573 1538 ut
600 1475 731 1540 latroni.
783 1475 826 1538 Et
848 1473 900 1539 lex
917 1474 1105 1559 subsequens
1122 1474 1162 1539 de
1179 1475 1394 1562 opprimendis

287 1575 519 1641 desertoribus:
553 1574 672 1646 cuncti,
704 1572 855 1658 inquiens,
890 1575 1046 1639 odoerm
1074 1575 1216 1640 latrones
1239 1576 1395 1659 publicos

288 1677 523 1759 desertoresque
539 1674 668 1736 militiae
677 1672 735 1755 joc
752 1674 816 1738 sibi
832 1674 939 1737 sciant
950 1694 1015 1756 pro
1038 1674 1142 1758 quiete
1159 1675 1321 1738 commoni
1337 1696 1394 1739 er-

288 1776 431 1839 erceudce
452 1772 597 1858 publicae
621 1772 757 1836 ultiouis
782 1773 953 1836 indultum.
1006 1771 1078 1835 Huo
1100 1782 1132 1837 et
1151 1771 1226 1836 illud
1253 1772 1396 1858 pertinet

203 1904 234 1932 ,e
257 1920 262 1930 .
289 1871 492 1937 Tertulliani:
523 1873 586 1934 ‘¹In
613 1892 684 1935 roos
711 1871 892 1954 majestatis
920 1882 951 1934 et
973 1872 1124 1955 publicos
1153 1873 1256 1937 bootes
1285 1875 1396 1939 omues

288 1974 380 2038 horno
396 1972 488 2036 mike
503 1983 557 2036 est.

364 2074 385 2134 3
419 2070 524 2155 Atque
549 2068 581 2132 in
597 2068 657 2132 hoc
676 2067 781 2133 differt
802 2066 853 2154 jus
879 2065 1037 2133 occidendi
1059 2069 1190 2146 exsules,
1211 2090 1289 2155 quos
1314 2071 1396 2136 ban-

287 2169 369 2234 nitos
386 2177 506 2244 vocent,
524 2168 565 2232 eb
582 2167 711 2232 istorum
728 2165 831 2254 legum
852 2168 962 2253 specie,
982 2169 1064 2253 quod
1087 2169 1130 2233 ibi
1151 2168 1300 2256 praecedit
1321 2192 1395 2255 spe-

289 2268 373 2334 ciolis
390 2262 552 2343 sententia,
575 2265 626 2330 hic
643 2265 789 2352 generale
812 2266 955 2344 edictum,
973 2267 1154 2334 rsuccedente
1175 2268 1249 2334 sacti
1265 2267 1396 2333 eviden-

288 2367 342 2443 tis,
361 2367 423 2431 vim
440 2367 513 2431 lotae
530 2366 691 2431 sententioe
708 2365 835 2430 obtinet.

291 2560 350 2621 [Sed
360 2573 408 2605 non
418 2563 475 2606 sunt
484 2561 557 2605 verbo
568 2557 706 2620 Augustini,
722 2562 748 2604 st
759 2571 815 2617 pnr-
866 2558 903 2620 (in
916 2556 984 2608 Orat.
1002 2558 1109 2618 Rustici)
1125 2559 1152 2604 oi
1168 2557 1218 2618 γάρ
1232 2565 1397 2619 στρατηγοῖς

253 2659 256 2666 ·
289 2636 334 2680 tim
352 2633 491 2692 Hieronymi
516 2634 541 2677 in
561 2631 679 2678 Ezechiel.
703 2631 763 2691 Cup.
781 2632 814 2677 ix.
866 2634 950 2692 pirou
968 2633 982 2689 ri
998 2639 1053 2680 rote
1066 2633 1155 2679 ἄλλοις
1172 2634 1361 2680 δυνατωτάτοις
1380 2635 1396 2681 ὁ

289 2707 378 2766 purtim
394 2707 493 2751 ulterius
508 2706 594 2765 ignoti.
625 2706 654 2751 J.
664 2704 710 2764 R]
742 2706 776 2751 Et
793 2720 814 2753 ο.
865 2709 914 2761 τῆς
931 2709 1025 2754 εὐνοίας
1040 2707 1119 2753 ἐθέλει
1133 2709 1228 2754 σκοπὸς
1242 2708 1396 2768 ἐμφύεσθαι,

289 2783 353 2827 inter
372 2782 423 2826 haec
446 2781 469 2828 6.
496 2785 619 2838 sequente,
643 2793 715 2824 cautu
734 2779 815 2826 xxxiii.
866 2781 907 2826 καὶ
922 2782 1089 2841 προσιζάνειν,
1104 2781 1174 2829 ‹tlha'
1190 2782 1266 2827 ποντὶ
1282 2784 1319 2843 τῷ
1331 2785 1395 2842 βου-

290 2860 375 2915 quaest.
386 2857 409 2901 2.
866 2853 963 2915 λομὲνῳ
973 2858 1055 2915 βοτὸν
1064 2857 1142 2911 δήπου
1152 2857 1192 2903 καὶ
1207 2860 1336 2915 προσῆκον
1347 2861 1396 2912 τῆς

334 2939 345 2972 ‘t
360 2929 391 2975 Ιιι
399 2943 451 2975 reos
458 2927 587 2985 majestatis
598 2933 619 2974 tt
624 2927 734 2987 publicos
741 2928 816 2973 meur
867 2928 921 2988 ἐνῇ
937 2930 1063 2975 τέτακται
1080 2931 1211 2977 πολιτείας
1227 2930 1395 2989 ὑπερολγοῖν,

290 3005 441 3052 omnishomo
451 3005 517 3052 miles
526 3004 570 3063 est]
586 3004 705 3064 Agathim
715 3003 768 3051 le.
781 3016 816 3050 lv.
867 3005 908 3048 xci
919 3004 951 3050 τὸ
962 3006 1031 3062 κοινῇ
1042 3009 1158 3051 συνοῖσον
1168 3007 1203 3052 uls
1213 3006 1314 3062 δύναμιν
1327 3023 1394 3052 κατ-

978 3160 1083 3168 ——..

294 3296 296 3299 ·
345 3290 362 3338 2
384 3285 442 3338 But
456 3284 482 3339 if
493 3285 542 3340 tho
560 3285 612 3339 lew
626 3285 692 3340 look
706 3291 736 3340 ιο
751 3285 847 3340 future
862 3284 969 3355 danger
982 3282 1055 3337 from
1069 3283 1119 3337 the
1133 3283 1216 3355 deloy
1230 3281 1264 3336 oi
1274 3282 1393 3354 punish·

290 3377 378 3435 ment,
397 3371 420 3424 it
440 3371 463 3425 is
487 3378 516 3425 to
537 3370 573 3426 be
588 3372 739 3426 conceived
759 3379 789 3426 to
807 3371 870 3441 giro
887 3370 963 3440 right
983 3369 1038 3423 und
1060 3369 1155 3442 public
1173 3386 1267 3440 power
1287 3375 1317 3422 ιο
1342 3368 1393 3423 the

290 3459 399 3528 private
413 3473 524 3527 person,
539 3473 569 3510 so
581 3457 645 3510 thot
659 3457 695 3509 hc
708 3458 730 3509 is
746 3474 782 3509 no
798 3457 925 3526 longera
938 3456 1046 3526 privato
1061 3471 1134 3508 mun.

349 3541 390 3594 Os
402 3540 457 3593 thie
472 3540 540 3593 kind
555 3541 578 3594 is
593 3541 641 3594 the
656 3541 707 3592 law
726 3542 755 3593 in
770 3539 819 3594 the
832 3541 926 3594 Codex
941 3540 1032 3594 under
1049 3540 1098 3595 tho
1112 3539 1215 3603 rubrio,
1233 3539 1318 3593 When
1332 3539 1355 3593 it
1369 3540 1393 3593 is

291 3624 390 3693 lowsut
403 3626 457 3695 sor
475 3642 530 3693 orry
551 3643 599 3678 oue
618 3626 728 3677 without
745 3643 764 3676 u
781 3626 864 3694 judee
886 3635 911 3678 to
935 3627 969 3679 do
986 3627 1080 3697 justice
1093 3627 1149 3695 sor
1168 3624 1280 3694 himself
1294 3626 1394 3693 orsos·

291 3710 332 3761 the
340 3706 431 3776 pute
442 3709 552 3767 scorto'ce,⁸
572 3708 653 3773 [θοὰ.
668 3723 710 3760 111.
725 3704 771 3775 27]
791 3709 882 3762 where
899 3726 954 3781 nny
969 3728 1023 3766 ono
1038 3713 1061 3764 is
1077 3711 1194 3765 allowed
1208 3717 1239 3764 to
1259 3726 1393 3780 suppress

290 3793 329 3863 by
345 3791 423 3844 force
438 3791 554 3846 soldiers
565 3793 627 3846 who
636 3792 771 3864 plunder;
790 3793 881 3846 where
894 3800 941 3848 too
952 3796 1000 3851 the
1013 3813 1111 3850 reason
1126 3797 1150 3849 is
1161 3796 1262 3858 added,
1277 3797 1392 3866 putting

291 3875 360 3932 cuch
375 3875 490 3931 soldiers
505 3893 542 3930 on
564 3877 613 3932 tho
631 3878 741 3948 footing
755 3877 788 3931 of
804 3878 928 3933 robbers.
974 3882 1068 3935 Ande
1083 3883 1189 3935 similer
1203 3880 1255 3934 low
1269 3881 1293 3934 is
1307 3881 1392 3950 giren

290 3963 450 4035 respecting
464 3963 610 4018 desertore.
656 3963 694 4016 As
708 3963 863 4018 Tertullion
878 3981 956 4036 says:
979 3967 1096 4036 Aycinst
1108 3968 1220 4020 troitors
1234 3967 1292 4019 oud
1298 3966 1393 4036 public

291 4050 399 4104 euemics
414 4066 488 4119 every
501 4067 549 4103 oue
563 4050 586 4102 ts
600 4067 619 4101 o
633 4049 737 4102 soldier.

347 4140 363 4188 3
386 4125 478 4189 There
499 4136 523 4189 is
545 4151 562 4187 o
584 4134 734 4188 difference
752 4135 781 4187 in
799 4135 849 4188 the
869 4135 945 4206 right
967 4136 1000 4190 of
1013 4136 1113 4207 killing
1135 4137 1229 4201 exiles,
1250 4135 1394 4191 outlowed

291 4232 424 4289 persons:
452 4220 572 4289 nemely,
594 4219 656 4272 thot
680 4219 760 4274 there
777 4237 795 4274 o
813 4222 917 4291 special
932 4221 1047 4289 opinion
1062 4222 1112 4276 hos
1128 4222 1276 4292 preceded,
1289 4222 1343 4276 but
1361 4223 1393 4275 in

290 4304 347 4358 this
362 4321 433 4366 cuso,
448 4320 466 4358 o
479 4304 594 4373 general
608 4304 691 4368 edict,
705 4305 796 4359 which
806 4307 830 4360 is
843 4306 991 4359 combined
1002 4306 1069 4361 with
1084 4307 1133 4362 the
1145 4308 1278 4363 evidence
1296 4306 1394 4362 ottho

290 4389 357 4453 tuot,
371 4391 427 4445 ond
442 4388 492 4443 hos
504 4389 554 4444 the
565 4389 644 4445 force
659 4390 692 4444 ol
702 4407 720 4444 o
731 4391 849 4461 judicisl
861 4398 1000 4446 sentence.
