3000 5062
692 497 836 565 CAPUT
862 496 969 562 XVII.

313 667 366 721 DE
390 665 531 721 DAMNO
555 666 631 720 PER
655 665 846 721 INJURIAM
870 662 983 727 DATO,
1007 663 1057 716 ΕΤ
1081 658 1347 716 OBLIGA'I'IONII

637 752 730 816 QUAE
753 753 850 807 INDE
873 749 1032 806 ORITUR.

320 905 344 960 Ι.
385 904 502 976 Oulpam
517 903 636 975 otttuaro
647 904 686 958 ad
698 904 804 958 rectitu-
867 901 947 956 XIV.
961 901 999 954 In
1012 917 1040 954 oo
1053 900 1100 971 qui
1111 899 1191 954 alteri
1203 898 1259 952 uim
1273 897 1383 953 tuctu:

386 991 482 1045 tionem
493 990 597 1044 domm.
877 988 944 1042 XV.
962 987 999 1039 In
1010 986 1132 1040 adultero
1146 992 1350 1055 ctatupratore:

310 1078 351 1133 11.
384 1077 529 1131 Damnum
535 1075 648 1146 iutellipi
656 1075 728 1146 quot
734 1092 804 1145 pup-
870 1074 950 1128 XVI.
966 1072 1085 1142 Insunt,
1097 1080 1215 1142 raptore,
1228 1078 1252 1124 tt
1263 1070 1346 1124 aliia:

385 1171 436 1216 nat
449 1178 511 1216 cum
519 1162 584 1233 jura
594 1162 682 1215 atriote
696 1161 774 1215 dicto.
859 1159 955 1214 XVII.
962 1158 999 1211 In
1008 1175 1035 1211 ec
1043 1155 1385 1229 quieauaampromiaaioni

304 1248 358 1304 111.
386 1247 520 1301 Accarate
531 1246 746 1317 diatinprmtdam
755 1264 805 1317 ap·
964 1244 1035 1299 dedit
1046 1261 1099 1314 per
1112 1243 1204 1298 dolum
1218 1250 1267 1296 ant
1284 1249 1385 1296 matum

386 1332 526 1388 titudinem
533 1333 619 1404 ajuro
627 1333 715 1388 stricta
726 1333 805 1398 dioto,
963 1331 1102 1402 injuntum.

386 1420 624 1473 ubicmuurrunt:
856 1417 966 1472 XVIII.
980 1416 1088 1482 Quidri
1104 1416 1255 1488 mctnjuato
1266 1420 1384 1466 natura·

306 1506 358 1562 IV.
387 1505 805 1578 Damnumctadfructuapar.
964 1502 1047 1556 liter?

387 1592 475 1646 tinere.
867 1590 950 1645 XIX.
967 1588 1041 1655 Quid
1054 1587 1385 1659 domttuqunnjntpen·

316 1678 352 1733 V.
386 1677 434 1732 Ad
441 1675 806 1746 iucntmctaaanapuomodot
965 1675 1032 1730 tium
1040 1677 1174 1748 projauto
1186 1673 1283 1730 meat

309 1764 361 1817 VI.
387 1764 531 1818 Damnum
538 1762 804 1834 daresaeientttpri·
878 1763 947 1817 XX.
963 1762 1108 1816 Potutatea
1115 1762 1201 1817 civita
1209 1769 1339 1832 paunus
1347 1768 1383 1814 tt·

387 1850 494 1904 mario.-
964 1857 1081 1901 ntantnr
1094 1866 1126 1903 aa
1139 1849 1240 1902 damno
1252 1862 1304 1918 par
1321 1847 1384 1900 mb-

300 1935 367 1989 vn.
387 1937 427 1991 Et
436 1935 612 1991 cmundario:
965 1935 1033 1988 ditor
1051 1935 1132 1988 dato:
1152 1934 1200 1988 ubi
1220 1933 1329 2004 marato
1352 1933 1384 1986 da

291 2021 373 2076 VIII.
388 2023 457 2077 Item
470 2040 525 2076 non
531 2022 664 2093 sacientur
678 2021 749 2093 quod
763 2021 806 2075 da-
961 2021 1065 2090 proedia
1082 2021 1113 2074 in
1126 2020 1201 2074 mari
1213 2020 1280 2073 actia
1296 2019 1329 2072 in
1341 2036 1385 2073 ao·

389 2110 464 2164 bant:
475 2108 621 2180 primario,
964 2107 1018 2160 aior
1039 2117 1132 2161 eontra
1151 2107 1296 2178 imperium
1311 2107 1385 2176 put-
1424 2108 1426 2113 ’

306 2193 360 2249 ΙΧ.
387 2195 427 2249 Et
438 2195 614 2249 maundaria:
964 2192 1054 2247 licum

313 2279 352 2336 X.
389 2281 485 2348 Qualia
499 2281 614 2352 attracta
627 2280 701 2334 circa
715 2287 806 2334 actum
871 2277 953 2331 XXI.
966 2279 1140 2332 Naturaliter
1153 2295 1185 2333 aa
1197 2276 1325 2331 animalia
1340 2278 1385 2332 aui

388 2368 426 2421 ad
439 2368 486 2422 hoc
497 2366 663 2437 requiratur.
963 2375 1013 2418 aut
1040 2364 1118 2418 naoia
1143 2381 1200 2418 aua
1218 2364 1300 2434 sacto
1327 2365 1385 2419 aina

302 2451 356 2506 XI.
386 2452 446 2520 Quo
458 2453 551 2506 ordine
562 2459 709 2505 tenuantur.
964 2450 1046 2522 culpa
1057 2449 1188 2505 nemiuem
1199 2450 1289 2505 uncti.

300 2536 368 2589 XII.
389 2537 582 2608 Oblipationun
603 2536 706 2589 artaudi
725 2535 806 2589 etiam
862 2535 960 2591 XXII.
966 2537 1111 2591 Damnum
1128 2536 1200 2601 dari,
1215 2545 1240 2590 at
1257 2535 1385 2591 adorram

387 2623 426 2677 ad
435 2623 568 2676 damnrun
579 2638 741 2691 concoquant.
955 2625 1071 2697 samam
1085 2631 1110 2676 ct
1127 2623 1259 2688 nonaum,
1275 2630 1300 2677 et
1317 2639 1384 2694 puto·

291 2705 376 2762 XIII.
388 2707 553 2778 Enemplum
564 2707 594 2760 in
605 2706 754 2761 namnida:
963 2709 1041 2763 modo
1052 2716 1202 2780 reparatur.

280 2847 306 2911 I.
334 2845 504 3002 SUPRA
532 2844 666 2911 diximus
693 2846 769 2933 ejus,
798 2847 881 2933 quod
907 2847 996 2913 nobie
1024 2847 1166 2926 debetur,
1190 2845 1292 2915 sontes
1314 2869 1385 2915 aare

407 2954 482 3022 tres,
513 2944 696 3033 pactionem,
727 2945 918 3023 maleficium,
946 2947 1057 3036 legem.
1109 2948 1160 3012 De
1190 2945 1384 3034 pactionibus

277 3045 353 3112 aetia
370 3053 548 3112 tractatum.
574 3044 743 3110 Veniamus
759 3044 801 3109 ad
817 3045 850 3110 id
871 3045 954 3132 quod
971 3068 1012 3111 ex
1031 3045 1179 3112 maleficio
1197 3046 1384 3114 naturaliter

321 3223 333 3250 ⁸
347 3215 389 3261 Ea
399 3215 445 3261 tati
456 3215 527 3274 eulpra
537 3212 651 3274 obiiqatio
661 3212 806 3259 naturaiiter
855 3211 981 3273 Aquiliam
991 3216 1016 3260 et
1025 3213 1115 3260 vicinae
1124 3215 1239 3264 rubrIeat.

277 3289 366 3349 arim]
386 3288 497 3348 Ἄμσλίου
513 3289 567 3344 dian
587 3287 686 3334 GraecIa.
718 3285 805 3346 [Apud
900 3285 907 3314 ¹
925 3286 1022 3344 Confer,
1043 3289 1068 3333 In
1083 3293 1136 3336 toto
1156 3290 1203 3337 itto
1222 3291 1309 3350 capim,
1329 3291 1383 3338 Pn-

279 3364 446 3421 IInncmnx,
460 3364 501 3423 qui
511 3362 618 3422 exponit,
631 3362 718 3421 ζημὶου
727 3361 805 3415 δίκην.
854 3373 1027 3408 rnrnoarwnc
1038 3368 1155 3424 nostrum,
1167 3365 1208 3412 De
1217 3367 1280 3413 Jurae
1288 3366 1349 3414 Nat.
1360 3371 1384 3415 at

277 3436 361 3497 Mt]
392 3437 455 3484 Vide
465 3438 490 3482 In
500 3436 659 3483 decretalibus
668 3435 806 3481 titulumdc
856 3435 924 3483 aaa.
935 3436 988 3484 Lib.
999 3443 1136 3497 111.cap.l.
1166 3441 1194 3487 J.
1205 3443 1238 3488 tt.

278 3510 369 3568 Iniuria
378 3515 401 3557 et
409 3509 495 3556 damno
505 3509 570 3565 dato,
586 3513 612 3554 at
620 3508 729 3568 Digestis
743 3508 804 3555 adl.
898 3509 910 3543 b
923 3509 1043 3558 Damnum
1051 3514 1120 3573 sorta
1133 3528 1149 3560 a
1163 3515 1273 3562 mendo
1282 3515 1383 3578 dietum]

664 3651 719 3656 ---
886 3654 1066 3662 ..———..-.

343 3757 480 3813 Omana
496 3756 592 3812 XVII.
629 3755 676 3829 Os
682 3759 809 3898 Dapmapa
823 3760 887 3814 witin
902 3762 1015 3835 Wronp,
1029 3766 1088 3819 and
1098 3767 1138 3820 tIu
1155 3764 1309 3837 Oblipation

720 3853 730 3898 t
780 3862 807 3900 ce
820 3847 933 3919 ariciup.

331 3963 356 4019 1.
392 3963 446 4017 We
457 3961 528 4017 have
543 3961 603 4016 naid
617 3962 706 4020 abore
720 3964 784 4020 that
798 3965 878 4023 there
892 3984 941 4024 ara
955 3969 1037 4025 three
1055 3986 1168 4027 sources
1183 3973 1216 4028 oi
1228 3972 1310 4028 dobta
1325 3972 1383 4029 duo

277 4053 308 4104 to
323 4065 371 4115 ua3
393 4050 472 4112 Part,
486 4048 601 4118 Wrong,
616 4049 691 4103 Lau.
729 4051 770 4105 Of
782 4059 861 4123 pacta
879 4070 920 4108 ua
932 4053 1003 4110 have
1015 4057 1183 4130 aufficIently
1195 4058 1321 4114 treated:
1340 4076 1383 4114 we

277 4151 357 4190 come
370 4142 400 4189 to
415 4134 490 4192 what
501 4134 539 4205 by
551 4135 671 4188 Natural
685 4137 752 4190 Itan
763 4138 786 4192 Is
801 4137 857 4193 due
869 4155 906 4193 on
918 4146 1037 4195 account
1050 4143 1084 4196 of
1095 4143 1211 4214 Wrong.
1245 4145 1299 4199 We
1310 4143 1384 4200 have

277 4219 421 4291 gironno
435 4236 519 4274 namo
529 4219 561 4272 of
571 4238 664 4291 wronp
676 4228 705 4276 to
721 4239 805 4294 every
819 4224 899 4288 fault,
915 4224 1005 4280 either
1013 4227 1047 4280 oi
1058 4228 1144 4300 doing
1156 4229 1230 4284 oroi
1241 4230 1385 4295 omiaaion‚

279 4305 369 4361 which
381 4307 404 4387 Ia
416 4312 446 4360 at
460 4305 590 4360 romanco
604 4307 671 4361 with
683 4307 759 4363 what
770 4326 835 4364 man
848 4310 937 4382 ought
949 4315 979 4366 to
992 4312 1037 4375 do,
1053 4313 1145 4368 either
1159 4331 1196 4370 on
1211 4314 1261 4370 tha
1272 4317 1386 4387 ground

280 4389 316 4444 cf
327 4390 402 4445 their
416 4406 547 4446 common
561 4395 726 4459 connexion,
744 4410 777 4450 or
795 4395 829 4451 of
839 4412 918 4452 aomo
937 4397 1042 4470 special
1062 4399 1178 4474 quality.
1214 4401 1301 4457 From
1316 4402 1388 4458 auch
