3000 5062
276 296 341 363 214
596 304 648 359 DE
671 302 929 361 saumonem
949 304 1057 360 JURE.
1252 303 1377 372 [Lmll.

276 467 376 558 magis
396 469 481 557 apud
497 467 643 546 inimicos,
666 467 845 555 presidium
860 467 956 533 habet
976 465 1058 553 juris
1078 465 1228 555 gentium.
1277 468 1380 535 Cadu-

114 589 230 634 nu.v.rs
277 568 451 636 ooatoribus
474 569 507 634 in
523 567 605 633 bello
622 590 728 655 paoem
746 589 813 633 esse
836 567 916 633 dixit
932 567 1089 632 Diodorus
1109 567 1238 633 Siculus.
1283 568 1381 634 Luce·

115 685 236 778 &aava
279 667 432 745 daemonii,
467 668 521 753 qui
550 669 716 734 Persarum
744 665 869 732 feciales
898 665 1130 745 interfecerant,
1165 687 1202 731 eo
1234 665 1382 734 dicuntur

151 760 157 773 ⁸
279 763 426 860 συγχέαι
450 763 495 835 τὰ
520 763 655 835 πάντων
670 762 850 858 ἀνθρώπων
876 760 1003 845 νόμιμα,
1028 767 1212 850 confudisse
1236 768 1382 831 omnium

279 869 444 932 leontinum
460 866 556 951 jura.
598 867 730 952 Siquis
756 867 897 949 Iapetum
910 866 1051 929 hostiam
1063 865 1241 949 pulsasset,
1265 878 1383 931 eontra

272 967 331 1050 jue
345 969 489 1050 pontium
505 968 543 1031 id
559 967 763 1031 commissum
778 985 843 1030 esse
859 966 1076 1039 existimatur,
1099 966 1180 1048 quia
1196 966 1306 1030 saneti
1322 966 1382 1028 Ιιο-

117 1078 262 1173 man-⁶0
282 1067 394 1131 bantur
420 1067 529 1150 epoti,
555 1064 655 1149 inquit
669 1062 866 1150 Pomponius.
910 1063 952 1127 Et
969 1060 1094 1127 Tacitus
1114 1062 1172 1126 hoo
1193 1061 1246 1146 jus
1262 1061 1302 1127 de
1319 1084 1382 1148 quo

117 1181 233 1222 smus
280 1162 401 1251 egimus
417 1172 517 1239 voest,
535 1165 675 1228 hostium
683 1163 742 1246 jue
758 1175 788 1228 st
804 1184 904 1229 saera
922 1162 1094 1245 lopatioois
1109 1163 1211 1246 etfos
1225 1163 1381 1246 pestium.

118 1278 209 1329 oss-³2
282 1261 391 1326 Cicero
414 1260 516 1347 prima
532 1261 687 1326 Verrius:
712 1263 829 1326 Nonus
855 1263 953 1346 lopati
976 1261 1062 1326 iuter
1080 1262 1184 1326 leostss
1207 1262 1383 1327 incolumes

117 1373 228 1415 Htw-2
282 1381 347 1426 sees
363 1360 504 1426 debent?
536 1360 655 1426 Seneca
669 1363 708 1426 de
721 1363 805 1425 Ira:
839 1361 983 1426 Violaoit
1009 1361 1180 1444 Iapetioues
1195 1372 1292 1445 rupto
1305 1381 1382 1444 pen-

118 1472 237 1516 nen-¹⁷·
283 1461 365 1525 tium
386 1459 471 1542 jure.
512 1457 601 1524 Livio
627 1458 727 1524 eredes
754 1466 886 1545 rupture
902 1458 955 1544 jus
980 1458 1129 1547 gentium,
1155 1457 1264 1535 scelus,
1289 1479 1383 1524 oense

118 1568 238 1609 Mem·
282 1557 425 1634 nefanda,
450 1557 551 1624 cedes
567 1557 660 1645 impia
680 1556 802 1633 dieitur,
829 1557 861 1622 in
876 1557 1007 1623 historia
1028 1556 1213 1645 legatorum,
1235 1578 1312 1643 qnos
1329 1558 1383 1622 Fi-

118 1672 270 1714 nem-³2
283 1656 412 1722 deustos
427 1656 611 1721 occiderant.
653 1658 696 1721 Et
711 1656 805 1722 alibi:
832 1659 966 1741 Lapatie
981 1659 1018 1722 in
1027 1659 1209 1741 perieulum
1228 1658 1384 1722 adductis

120 1766 233 1807 mem
282 1778 322 1822 ue
339 1756 415 1822 belli
432 1758 561 1839 quidem
575 1757 660 1840 jura
675 1758 793 1822 relicta
816 1769 920 1823 erum.
974 1755 1116 1822 Curtius:
1145 1758 1383 1822 caduceatores

283 1857 341 1941 qui
358 1857 405 1918 od
415 1878 533 1940 paoem
549 1878 600 1921 soe
619 1856 840 1940 compellerent
855 1859 954 1932 misit,
980 1877 1057 1940 quos
1082 1857 1181 1939 Tyrii
1195 1868 1309 1920 contra
1323 1855 1384 1939 jos

280 1956 425 2038 pontium
451 1957 570 2020 occisos
596 1956 886 2039 proserpitoosrunt
912 1955 949 2018 irs
978 1955 1092 2020 altum
1144 1953 1259 2019 Merito
1286 1974 1381 2018 sune:

283 2074 355 2117 nam
373 2061 406 2118 et
422 2052 455 2117 in
471 2053 551 2119 bello
568 2052 702 2140 plurimu
716 2052 855 2119 insidunt
877 2052 1012 2141 negotis,
1030 2074 1100 2137 quae
1115 2051 1174 2118 nisi
1190 2075 1247 2140 per
1262 2052 1385 2141 legatos

284 2151 415 2238 transigi
431 2174 494 2218 non
511 2161 649 2239 possunt,
668 2161 701 2218 et
716 2151 784 2239 ipss.
799 2174 861 2238 pax
878 2152 932 2217 six
948 2161 997 2217 ost
1012 2161 1049 2217 ut
1064 2151 1157 2217 aliter
1174 2158 1272 2217 coest.

358 2251 433 2319 VII.
486 2251 573 2317 Solet
598 2261 631 2317 et
647 2250 723 2316 illud
740 2251 849 2337 quaeri,
871 2272 913 2316 an
934 2250 1007 2337 jure
1023 2249 1146 2316 talionis
1162 2249 1303 2326 interfici,
1329 2257 1385 2315 sut

283 2347 364 2415 mule
380 2351 510 2417 tractari
534 2349 657 2438 legatus
673 2348 769 2436 possit
785 2350 826 2415 ab
842 2372 879 2415 eo
897 2350 1023 2415 veniens
1040 2349 1094 2435 qui
1110 2348 1173 2415 tole
1190 2348 1265 2435 quid
1278 2357 1385 2435 patus·

282 2448 373 2515 rerit.
424 2451 469 2515 Et
484 2458 556 2516 sunt
570 2447 694 2535 quidem
711 2447 835 2514 ultionis
852 2449 924 2515 talis
948 2448 1092 2536 exempla
1109 2448 1141 2513 in
1155 2447 1292 2514 historiis
1307 2446 1385 2514 satis

327 2621 425 2668 *Nihil
444 2622 492 2668 tols
511 2620 582 2682 paule
597 2621 694 2681 fastum
717 2625 776 2668 urst
795 2635 812 2668 a
851 2622 992 2683 faciendam
1016 2623 1081 2683 quod
1102 2622 1151 2683 ipsi
1179 2623 1205 2669 tu
1227 2621 1384 2684 Curthupiss'-

286 2696 533 2757 Carttoqtm'enss'tus]
548 2697 670 2743 Diodorus
681 2697 775 2743 Siculus
786 2697 811 2742 iu
859 2698 1105 2745 autumarent.
1136 2698 1385 2759 (suffimentum

284 2772 403 2831 excerptis
428 2771 600 2818 Peireseiunis:
631 2771 743 2817 Σκιπίων
767 2773 812 2817 οὐκ
859 2771 924 2816 mani
938 2771 984 2830 ipsi
1000 2771 1103 2831 lemos,
1115 2771 1167 2831 jum
1184 2776 1308 2832 oomperto
1323 2770 1385 2818 Car-

284 2847 333 2906 ten
345 2848 397 2893 δεῖν
407 2845 534 2906 πράττειν
544 2847 557 2892 ὃ
568 2852 623 2892 τοῖο
632 2847 812 2906 Καρχηδονίοις
859 2847 1044 2906 thaginiansium
1054 2848 1127 2903 iectu,
1142 2847 1289 2895 dimiserunt.
1320 2848 1384 2894 Vide

284 2923 444 2982 ὃγκολοῦσιν.
474 2921 549 2969 Dtets
560 2922 650 2981 Scipio,
664 2936 711 2967 non
724 2935 773 2968 esse
786 2921 814 2967 td
859 2922 1008 2981 Appianum.
1044 2922 1200 2969 Constantius
1221 2922 1342 2969 'litisuum
1367 2936 1384 2967 a

285 3171 319 3227 of
330 3170 459 3227 Nations.
495 3171 616 3227 Herslds
635 3172 693 3228 end
707 3172 882 3244 negociators
902 3188 951 3227 ero
971 3176 1002 3227 ut
1020 3186 1107 3243 peeoe
1121 3168 1151 3223 in
1165 3167 1215 3224 the
1228 3166 1335 3223 middle
1353 3168 1388 3225 of

285 3274 351 3322 wer,
364 3274 427 3329 says
442 3257 592 3313 Diodorus.
638 3258 699 3314 'l'he
713 3258 960 3314 Laoedssmonians
976 3256 1039 3312 who
1053 3261 1148 3328 putto
1162 3254 1248 3310 death
1260 3253 1310 3309 the
1324 3270 1384 3308 am·

284 3344 431 3399 bassudors
451 3343 485 3398 of
499 3344 549 3399 the
568 3345 708 3410 Persisns,
726 3362 776 3400 aro
792 3344 852 3399 said
865 3343 985 3415 thereby
1002 3348 1033 3396 to
1048 3341 1119 3397 hare
1134 3342 1239 3395 strowe
1251 3340 1308 3394 into
1322 3357 1384 3394 eou-

276 3431 377 3499 susiou
389 3431 429 3483 tte
440 3431 526 3499 riqtus
539 3432 577 3498 of
583 3430 722 3485 mankind.
769 3431 807 3484 So
822 3429 1003 3501 Pomponius,
1015 3427 1136 3488 Tacitus,
1150 3427 1256 3490 Cicero,
1268 3426 1385 3490 seuseu,

285 3515 364 3584 Livy,
376 3515 497 3569 curtius.
532 3511 599 3583 [See
611 3515 660 3570 the
675 3510 828 3586 passages]
851 3515 917 3569 And
928 3514 995 3569 with
1006 3520 1087 3585 great
1097 3528 1212 3577 resson3
1229 3510 1317 3566 souin
1328 3527 1385 3565 war

285 3614 371 3675 many
394 3598 485 3667 things
499 3597 613 3669 huppen
630 3599 722 3653 whioh
737 3606 841 3655 cannot
852 3600 889 3655 be
901 3599 1062 3655 transsoted
1077 3603 1176 3670 except
1191 3597 1229 3669 by
1242 3596 1385 3652 ambusse-

285 3680 368 3744 dors3
386 3680 442 3734 und
456 3698 543 3753 pesce
557 3683 636 3737 itself
647 3701 699 3738 can
714 3685 837 3754 sosroely
851 3685 887 3740 be
901 3686 1029 3741 stteinod
1039 3686 1069 3739 in
1084 3702 1140 3757 any
1151 3683 1233 3738 other
1246 3699 1314 3753 way.

342 3764 407 3820 VH.
452 3766 480 3819 lt
499 3766 522 3821 is
538 3766 598 3822 also
612 3769 695 3824 mede
712 3785 730 3823 e
747 3770 877 3840 question
891 3771 1016 3827 whether
1034 3771 1072 3843 by
1086 3770 1136 3825 the
1151 3770 1204 3824 lew
1225 3767 1258 3823 of
1271 3767 1386 3823 retalia-

285 3851 356 3915 tion,
369 3867 406 3904 un
421 3851 602 3907 smbsssudor
615 3871 681 3926 may
699 3854 735 3909 be
756 3860 856 3926 putto
873 3855 959 3913 doeth
978 3874 1011 3912 or
1028 3857 1060 3913 ill
1074 3855 1193 3920 treated,
1210 3853 1272 3909 who
1291 3869 1386 3908 eomes

285 3936 359 3992 from
380 3954 397 3991 u
415 3953 517 4008 person
536 3938 598 3993 who
615 3938 667 3994 hos
684 3941 865 4012 perpetuated
888 3942 1047 4014 something
1068 3942 1102 3997 of
1118 3941 1181 3997 that
1199 3939 1276 3994 sinn
1321 3937 1387 3994 und

285 4023 421 4093 certainly
435 4022 516 4079 thoro
530 4041 579 4080 ure
593 4025 623 4102 in
637 4024 765 4082 historias
780 4044 865 4100 muny
879 4029 1020 4100 exemplos
1034 4027 1067 4083 of
1078 4027 1148 4082 suoh
1160 4041 1292 4096 serengo.
1328 4025 1388 4080 But

285 4107 414 4164 histories
428 4109 517 4165 relate
535 4116 586 4165 not
602 4112 669 4183 only
689 4111 764 4166 what
784 4130 839 4168 nus
856 4114 962 4187 rightly
982 4114 1065 4177 done,
1086 4114 1139 4168 but
1161 4110 1236 4167 what
1254 4109 1389 4181 enough,

285 4196 402 4264 angrily,
417 4196 612 4265 pmsionetely.
656 4196 717 4252 The
732 4199 798 4252 huus
813 4198 845 4253 oi
855 4200 975 4254 Nations
990 4205 1041 4254 not
1053 4198 1120 4270 only
1132 4196 1262 4269 provides
1277 4195 1323 4250 for
1337 4195 1388 4250 the

286 4278 395 4351 dignity
409 4279 442 4333 oi
453 4279 502 4335 tho
524 4281 640 4345 sunder,
658 4283 710 4337 but
724 4283 770 4337 for
788 4283 838 4340 the
858 4286 980 4356 security
995 4285 1028 4340 oi
1045 4283 1095 4338 the
1114 4285 1202 4347 Sont3
1224 4281 1281 4337 und
1292 4280 1388 4336 there·

285 4361 347 4417 iore
362 4364 442 4418 there
457 4365 481 4419 is
496 4381 514 4418 a
528 4372 656 4422 contraot
667 4369 734 4423 with
749 4369 798 4425 the
812 4370 898 4426 latter
911 4370 979 4426 elso.
1024 4370 1140 4440 wrong,
1151 4367 1304 4432 therefore,
1318 4367 1343 4422 is
1357 4368 1388 4421 in

285 4446 354 4501 suoh
369 4464 432 4504 case
446 4448 521 4505 <ione
538 4456 569 4506 to
586 4451 654 4519 him,
670 4454 780 4528 though
796 4472 871 4512 none
885 4456 921 4512 be
936 4456 1011 4512 done
1030 4461 1061 4510 to
1080 4453 1140 4510 him
1158 4453 1222 4509 who
1237 4458 1302 4510 sent
1316 4451 1385 4507 him.
