3000 5062
152 287 328 361 cmxtxi
476 293 528 346 Dli
551 292 649 347 JUltE
673 292 925 349 SEPULTURAE.
1191 286 1252 349 231

150 456 238 545 regis
257 454 478 531 cumulaverat,
504 477 525 521 a
545 454 630 545 regis
655 455 809 522 interfecti
827 456 890 522 filio
917 457 1030 523 Oreste
1055 456 1149 524 humo
1168 480 1254 524 man·

154 557 260 622 datum
281 556 438 620 Homerus
459 564 612 621 memorat
634 555 786 643 Odysseae
809 555 914 624 tertio.
955 556 1019 622 Sed
1036 565 1069 623 et
1088 558 1174 643 apud
1189 559 1253 624 Ro·
1266 570 1403 619 Vv-Me

151 676 259 721 manos
276 654 429 740 Ulpianus
443 676 575 741 corpora
591 676 698 721 eorum
715 656 768 742 qui
785 656 894 742 capitis
910 656 1097 722 damnantur
1113 658 1253 745 cognatis
1264 666 1404 753 geme·

151 755 198 821 ait
222 755 368 844 neganda
392 775 455 819 ιιι
479 776 566 820 esset
591 753 652 820 imo
679 761 712 820 et
736 754 923 841 quibuslibet
947 755 1124 843 petentibus
1148 757 1253 825 danda

152 854 270 920 censuit
287 853 404 920 Paulus
415 852 661 939 jurisconsultus.
704 855 748 920 Et
764 853 975 921 Diocletianus
991 877 1028 921 ac
1044 855 1252 922 Maximianus
1264 865 1407 909 ”essim

152 955 362 1040 Imperatores
378 953 424 1018 ita
439 953 686 1040 responderunt:
706 956 856 1021 ohrmaios
872 957 1046 1021 eriminum
1061 957 1160 1042 dipao
1175 979 1324 1062 cup-m
1264 964 1310 1007 Νι
1319 966 1373 1053 {lc
1379 968 1406 1008 ὁ·

147 1055 252 1140 plicia
268 1056 400 1138 affectos
415 1055 607 1138 sepulturus
625 1055 795 1119 tradition
811 1067 963 1120 vetamus.

229 1155 250 1217 2
285 1151 433 1241 Legimus
447 1151 596 1238 quidem
588 1173 621 1217 ιι
637 1151 773 1218 ιίιιοιὶἰι
790 1153 931 1240 exempla
951 1176 1068 1232 eorum,
1085 1153 1156 1241 'qui
1172 1153 1251 1221 inse-

152 1251 232 1340 pulti
252 1251 366 1337 abjecti
383 1259 463 1328 sunt,
480 1250 692 1337 frequentiora
713 1250 854 1317 civilibus
870 1273 963 1338 quam
985 1254 1123 1320 externis
1142 1254 1251 1321 bellis:

152 1360 185 1418 et
198 1350 291 1417 hodie
308 1350 448 1416 ridemus
464 1350 658 1437 quorundam
675 1351 890 1417 damnatorum
908 1374 1039 1440 corpora
1056 1353 1134 1420 diu
1124 1374 1158 1418 m
1174 1353 1251 1441 puh-

150 1450 208 1517 lico
151 1458 388 1616 tanconspectu
403 1449 553 1536 relinqui:
572 1449 625 1537 qui
642 1456 745 1516 tamen
761 1472 828 1517 mos
845 1473 886 1517 an
901 1451 1075 1519 laudandus
1091 1451 1132 1520 sit
1147 1453 1323 1539 dispulith
1264 1504 1417 1545 mm

151 1558 310 1628 ιιιι,ιιι
328 1549 442 1637 politici
460 1557 529 1616 tant
529 1572 591 1626 um,
608 1548 664 1615 sed
681 1558 713 1616 ct
731 1550 877 1664 theologi
1260 1551 1416 1691 ἓξὲξ-Ἀ
1371 1560 1410 1591 ³⁸

222 1652 243 1714 3
279 1650 407 1728 Contra,
425 1649 568 1715 laudatos
584 1647 723 1714 videmus
739 1670 792 1735 qur
782 1649 958 1737 ''sepeliri
944 1660 1105 1737 Jusserunt
1119 1654 1325 1737 corporaglffl
1262 1689 1379 1784 mm

151 1769 268 1826 eorum,
286 1771 339 1836 qur
329 1749 413 1814 ''id
405 1772 504 1835 rpsum
520 1748 587 1814 aliis
602 1769 664 1812 non
677 1748 891 1835 permiserant,
909 1759 945 1815 ut
957 1748 1141 1816 Pausaniam
1155 1752 1251 1817 Laee-

153 1847 374 1914 daemoniornm
397 1870 515 1936 regem,
536 1848 591 1933 qui
612 1846 758 1913 incitatus
783 1848 823 1913 ab
842 1847 1000 1937 AEginetis
1023 1857 1060 1915 ut
1084 1851 1251 1915 Persarum

151 1948 267 2013 factum
282 1947 315 2011 in
330 1947 498 2013 Leonidam
514 1946 604 2012 simili
619 1947 702 2012 facto
717 1946 925 2024 ulcisceretur,
941 1948 1098 2013 consilium
1116 1956 1152 2014 ut
1167 1970 1201 2013 se
1214 1970 1252 2014 ac

153 2045 264 2112 Graeco
294 2046 416 2112 nomine
441 2046 604 2134 indignum
632 2045 749 2131 rejecit.
796 2046 890 2131 Apud
921 2046 1085 2134 Papinium
1112 2048 1252 2114 Theseus

154 2146 320 2213 Creontem
335 2146 378 2210 sic
395 2144 562 2232 alloquitur
577 2146 695 2228 (Theb.
714 2165 772 2210 ιιι.
792 2142 891 2230 780);

584 2266 665 2320 Vade
679 2270 742 2319 atra
755 2264 872 2319 daturus

337 2351 489 2424 Supplicia,
503 2352 677 2423 extremique
693 2358 788 2406 ιιιιιι
802 2368 900 2406 secure
914 2351 1064 2423 sepulchri.

152 2449 365 2516 Alexandrum
386 2471 510 2537 quoquo
534 2451 700 2516 Jannaeum
722 2471 840 2537 regem,
868 2449 972 2536 quiin
995 2458 1132 2517 mortuos
1154 2472 1251 2538 popu·
1262 2475 1306 2561 {gs
1301 2470 1415 2560 duffii

152 2550 234 2615 lares
251 2549 343 2615 valde
359 2548 595 2615 contumeliosus
612 2549 725 2625 fuerat,
748 2548 937 2636 sepelierunt
954 2549 1115 2617 Pharisaei.
1160 2550 1253 2629 Quod

151 2671 178 2713 ιι
169 2648 280 2713 'Deus
301 2648 459 2714 interdum
475 2649 643 2735 sepultura
662 2647 788 2736 jactura
804 2649 953 2734 quosdam
976 2650 1085 2737 puniit,
1100 2649 1174 2716 fecit
1194 2651 1253 2715 hoc

153 2769 208 2813 suo
230 2747 303 2833 jure
332 2770 428 2835 supra
453 2747 539 2836 leges
569 2747 763 2814 constitutus.
815 2750 858 2815 Et
883 2746 966 2861 quod
994 2749 1131 2816 Goliathi
1160 2757 1254 2836 caput

152 2847 258 2914 David
282 2847 421 2913 servavit
443 2846 586 2926 ostentui,
613 2846 729 2913 factum
754 2846 904 2913 ιιίΙίιιι
895 2870 928 2912 ιι
950 2847 1166 2937 alienigenam,
1192 2848 1256 2914 Dei

152 3026 277 3073 Philonem
287 3031 370 3073 eontra
379 3025 499 3082 flaccum,
510 3025 577 3086 (pag.
584 3026 628 3073 att
640 3025 677 3085 s.)
728 3024 802 3084 (Ant.
822 3023 883 3072 Jad.
901 3023 954 3071 Lib.
971 3037 1034 3073 xm.
1047 3040 1069 3073 c.
1085 3040 1124 3073 xv.
1141 3025 1189 3087 54.
1204 3026 1255 3073 Ed.

197 3111 206 3137 ⁸
223 3103 272 3162 Qui
281 3103 392 3161 insepulti
401 3101 486 3159 atiscli
495 3099 559 3159 ιιιιιι]
575 3101 605 3146 Id
613 3100 678 3146 dra·
727 3098 849 3157 Hudeora)
885 3098 957 3143 Adde
979 3098 1156 3153 Quintilianum
1177 3102 1256 3148 decla-

153 3178 202 3238 φιᾳ
214 3178 320 3237 ὑβρίζειν
330 3178 378 3223 τὸν
387 3176 473 3234 νεκρὸν
482 3176 542 3222 dixit
555 3174 572 3221 J
575 3176 678 3234 ossphus
727 3173 833 3220 mahom
844 3178 939 3232 quarta,
950 3174 1013 3233 (cap.
1024 3174 1056 3221 lx.
1066 3175 1117 3223 Ed.
1126 3176 1255 3236 Burman.)

151 3253 177 3297 in
197 3257 275 3299 morte
294 3251 434 3298 Judaeorum
454 3250 518 3307 regis
538 3247 678 3305 Alexandri,

153 3493 244 3548 which
260 3509 327 3547 man
345 3493 369 3547 is
387 3490 479 3548 made.
523 3492 656 3564 Egisthus
670 3509 725 3546 was
741 3491 841 3547 buricd
862 3492 900 3564 by
921 3492 1043 3548 Orestes.
1078 3492 1189 3566 Among
1206 3493 1256 3549 ιιι

152 3580 288 3643 Romans,
301 3576 351 3633 the
365 3578 462 3634 bodies
481 3577 515 3632 ef
528 3578 610 3635 those
624 3578 760 3634 executed
774 3595 847 3634 were
865 3585 916 3633 not
933 3579 1034 3634 denied
1049 3585 1080 3635 ιι
1095 3579 1170 3635 ιιιὶι
1182 3580 1256 3636 rela-

153 3667 240 3731 tives3
262 3682 296 3720 οι
313 3682 384 3721 erce
404 3671 433 3720 to
451 3682 507 3737 any
521 3665 584 3720 who
601 3666 688 3720 asked
710 3665 756 3720 fer
768 3663 856 3731 thern,
878 3682 909 3720 as
923 3667 1028 3722 Paulus
1048 3665 1177 3740 thought.
1216 3666 1256 3722 Sc

151 3753 311 3808 Diocletian
326 3751 382 3806 and
396 3752 550 3807 Maximian
564 3751 698 3807 directed.

207 3846 225 3892 2
246 3839 397 3909 Examples
413 3838 446 3892 ef
457 3838 555 3893 bodies
571 3837 681 3893 threnn
696 3843 747 3893 out
763 3838 912 3903 unburicd,
926 3855 975 3894 arc
986 3856 1066 3893 more
1080 3855 1211 3894 common
1225 3838 1256 3892 ιι

152 3924 217 3977 civil
232 3922 302 3977 than
319 3925 349 3977 in
363 3924 474 3994 foreign
488 3940 567 3979 wara.
605 3923 670 3977 And
688 3922 790 3977 atthis
807 3923 870 3995 day,
886 3940 963 3978 some
977 3924 1117 3977 criminals
1131 3940 1180 3976 arc
1194 3922 1256 3992 gih-

153 4007 240 4062 beted
252 4008 308 4061 and
319 4009 372 4063 left
384 4010 413 4062 in
424 4009 520 4079 public
534 4010 619 4062 view:
635 4008 688 4063 but
699 4006 826 4061 whether
836 4007 893 4061 this
904 4008 941 4063 be
952 4025 971 4062 a
981 4008 1113 4061 laudablc
1124 4007 1257 4077 practice,

155 4093 179 4146 is
191 4093 321 4163 disputcd
335 4093 405 4147 both
416 4093 456 4165 by
466 4094 625 4165 politicians
640 4092 695 4146 and
707 4092 746 4163 by
760 4091 944 4162 theologicus.

208 4183 225 4232 3
247 4178 292 4233 On
315 4177 365 4232 ιιι
385 4178 468 4233 other
487 4177 572 4241 hand,
589 4195 630 4232 we
646 4177 706 4231 find
723 4192 839 4248 persons
856 4175 979 4247 praised,
993 4175 1040 4229 for
1056 4174 1189 4244 ordering
1205 4174 1256 4231 the

154 4262 253 4318 bodies
267 4262 301 4317 of
311 4262 393 4317 those
412 4274 443 4319 to
461 4263 498 4318 be
517 4262 617 4317 buried
635 4262 697 4315 who
712 4261 769 4314 had
784 4260 950 4316 themselves
965 4260 1078 4315 refused
1092 4260 1142 4315 the
1155 4261 1211 4316 rite
1225 4268 1256 4316 ιι

155 4348 260 4412 οιιιιι,
279 4364 309 4402 ιι
328 4349 488 4403 Pausanias.
528 4349 566 4403 So
588 4348 695 4401 Statius
710 4346 806 4401 makes
820 4345 945 4401 Theseus
966 4352 1013 4400 act
1033 4351 1065 4400 ιι
1080 4344 1179 4401 Creon.
1216 4346 1255 4401 So

153 4434 205 4491 the
222 4432 370 4490 Pharisees
386 4433 485 4489 huried
504 4432 665 4488 Alexander
678 4432 820 4488 Jannaeus.
851 4431 883 4487 ι’
895 4431 959 4521 God
973 4430 1112 4505 punishcd
1126 4448 1203 4489 some
1217 4431 1256 4506 hy
