3000 5062
279 321 344 384 308
725 325 778 379 ΒΕ
800 324 937 379 POENIS.
1257 320 1333 390 [Lm.
1348 323 1390 378 11.

282 490 410 567 melum,
427 488 485 556 etsi
501 489 638 556 nondum
654 488 731 554 illud
748 487 831 574 quod
844 485 1076 564 intendebatur,
1099 491 1238 551 secutum
1249 484 1319 571 jam
1334 487 1388 564 sit,

283 599 340 655 ant
355 598 441 655 certe
457 589 568 676 ingens
586 587 766 675 periculum,
790 586 835 651 ita
851 594 887 650 ut
904 583 1072 650 vindicatio
1088 593 1145 649 aut
1161 583 1329 671 conjuncte
1345 585 1390 652 sit

284 710 353 752 cnm
371 687 514 754 cautione
530 686 645 752 suturae
659 706 761 761 noxae,
782 684 835 767 (de
851 705 914 769 qua
930 704 1025 770 supra
1042 682 1162 770 egimus
1178 684 1211 747 in
1226 683 1328 770 capite
1347 685 1390 750 de

285 786 475 869 defensione)
496 792 552 850 eut
568 783 754 872 dignitatem
776 782 882 848 leesam
903 788 1038 858 tueatur,
1062 789 1119 847 aut
1135 780 1309 868 pernicioso
1331 804 1390 847 ex·

285 885 387 971 emplo
405 892 555 950 occurrat
1436 940 1439 945 .

364 985 432 1047 Xh
473 985 492 1047 1
528 981 695 1047 Sciendum
712 1001 836 1066 quoque
857 987 915 1056 est,
932 999 1035 1068 reges,
1056 988 1089 1046 et
1108 978 1162 1065 qni
1178 1000 1238 1066 par
1257 979 1390 1069 regibus

282 1081 335 1170 jus
352 1082 502 1157 obtinent,
520 1080 573 1167 jus
590 1080 706 1145 babere
729 1100 838 1165 poenas
855 1078 1002 1165 poscendi
1022 1099 1085 1143 non
1106 1087 1227 1144 tantum
1245 1079 1287 1143 ob
1306 1078 1389 1164 inju-

286 1179 350 1246 rias
367 1180 399 1244 in
412 1201 447 1244 se
462 1189 518 1244 aut
530 1177 671 1244 subditos
687 1199 758 1243 suos
773 1177 958 1251 commissas,
971 1177 1027 1242 sed
1044 1185 1077 1242 et
1094 1176 1135 1242 ob
1150 1198 1204 1242 eas
1220 1198 1292 1262 quse
1303 1177 1389 1264 ipsos

287 1277 486 1365 peculiariter
501 1297 565 1340 non
581 1284 724 1363 tangunt,
741 1276 797 1340 sed
814 1275 846 1340 in
862 1275 1021 1360 quibusvis
1037 1274 1177 1360 personis
1194 1273 1248 1361 jus
1264 1284 1389 1342 moure

288 1385 344 1441 aut
360 1374 500 1462 gentium
515 1374 692 1439 immaniter
708 1372 833 1439 violent
884 1374 967 1438 Nam
987 1374 1117 1438 libertas
1134 1375 1278 1438 humanm
1292 1374 1389 1439 socie-

288 1472 347 1539 tati
370 1494 428 1560 per
444 1493 552 1558 poenes
568 1471 755 1548 consulendi,
777 1493 848 1557 quae
868 1470 967 1552 initio,
988 1480 1025 1538 ut
1046 1471 1188 1548 diximus,
1207 1493 1304 1558 penes
1325 1472 1389 1536 sin-

288 1571 379 1660 gulos
406 1571 519 1650 fueret,
545 1569 722 1636 civitatibus
748 1591 785 1635 ac
805 1569 930 1657 judiciis
956 1569 1105 1636 institutis
1130 1590 1228 1655 penes
1251 1591 1390 1635 summas

287 1677 458 1757 potestates
482 1668 608 1745 resedit,
632 1691 695 1734 non
720 1668 847 1755 proprie
869 1689 932 1754 qua
960 1668 1029 1734 aliis
1053 1669 1218 1755 imperant,
1243 1668 1300 1734 scd
1324 1690 1390 1754 qua

288 1767 403 1834 nemini
420 1778 541 1855 parent.
575 1767 658 1832 Nam
674 1766 822 1853 subjectio
838 1766 907 1831 aliis
923 1767 957 1832 id
967 1767 1020 1853 jus
1036 1767 1174 1832 abstulit.
1215 1767 1281 1830 Imo
1298 1775 1389 1832 tanto

287 1866 448 1933 honestius
473 1876 521 1932 est
538 1865 655 1932 alienas
679 1865 808 1953 injurias
824 1886 917 1950 quam
940 1887 1011 1930 suas
1028 1864 1195 1941 vindicare,
1220 1873 1339 1949 quanto
1357 1864 1390 1930 in

289 1965 353 2030 suis
369 1965 469 2054 magis
481 1963 680 2030 metuendum
693 1974 741 2030 est
756 1986 796 2030 ne
810 1963 879 2049 quis
896 1963 1011 2029 doloris
1023 1963 1071 2028 sui
1083 1984 1175 2028 sensu
1189 1972 1245 2029 aut
1261 1964 1389 2029 modum

289 2063 429 2140 excedat,
447 2072 501 2130 aut
517 2071 602 2129 certe
618 2062 755 2129 animum
771 2062 897 2127 inficiat.

358 2164 379 2226 2
414 2164 457 2227 Et
482 2164 541 2227 hoe
567 2160 692 2227 nomine
717 2162 758 2228 ab
787 2160 921 2246 antiquis
949 2160 1137 2246 predicatus
1161 2167 1210 2228 est
1234 2160 1390 2226 Hercules

288 2261 372 2346 quod
396 2261 519 2337 Antaeo,
545 2259 699 2336 Busiride,
721 2259 883 2335 Diomede,
904 2266 937 2323 et
957 2258 1104 2325 similibus
1130 2259 1290 2348 'tyrannis
1312 2260 1390 2326 libe-

126 2371 236 2453 genero
246 2369 259 2408 ¹·
287 2359 368 2425 rarit
384 2368 495 2436 terras,
519 2379 605 2443 quas,
632 2365 668 2423 nt
685 2358 803 2423 Seneca
819 2357 860 2422 de
879 2378 917 2422 eo
933 2356 1079 2441 loquitur,
1099 2358 1224 2424 transiit
1239 2380 1303 2423 non
1317 2380 1390 2424 con-

124 2459 270 2555 ffiffi„
289 2458 483 2545 cupisoendo,
505 2456 561 2522 sed
585 2455 779 2534 vindicando,
802 2454 1007 2522 maximorum
1029 2457 1182 2523 bonorum
1201 2465 1311 2523 auctor
1333 2457 1391 2523 ho-

124 2550 166 2590 21&

331 2655 341 2681 ⁸
358 2647 478 2707 Tyrmrnir
487 2646 597 2693 liberarit
610 2643 700 2704 unus]
717 2645 751 2691 Et
760 2659 812 2692 ms-
865 2644 1068 2704 mouereris
1077 2646 1307 2706 mmmrtapurtisr
1315 2661 1392 2707 pm-

287 2721 330 2769 ria.
370 2721 441 2767 Philo
462 2720 490 2766 de
510 2719 654 2779 Lcyutione:
685 2717 813 2778 Ἡρακλῆι
863 2720 927 2777 alta,
942 2724 968 2764 ut
984 2720 1074 2766 tolleret
1090 2720 1206 2766 henim
1222 2722 1392 2768 mimium·

288 2793 392 2854 ἐκάθηρε
417 2795 467 2852 γῆν
491 2793 532 2839 aral
557 2792 699 2852 θάλατταν,
721 2792 813 2839 ἄθλους
863 2810 908 2856 que
922 2795 1246 2856 aremquroeeeire'atia
1260 2798 1393 2845 muntia

286 2866 504 2926 ἀναγκαιοτάτους
528 2866 570 2912 recl
598 2864 814 2925 ὠφελιμωτάτους
864 2875 944 2917 arent.
973 2870 1046 2929 (Peg.
1057 2870 1164 2931 100812.)

287 2940 531 3001 ἅπασινᾰνθρῶτοις
545 2940 667 2996 broeras,
681 2957 753 2986 ινικα
766 2941 813 2986 τοῦ
909 2950 918 2980 ¹
942 2945 1013 2993 Ultor
1028 2950 1054 2991 ur
1068 2947 1180 2992 scelerum
1194 2944 1274 3007 ww]
1296 2947 1392 2994 Ibidem

288 3015 325 3063 τά
333 3016 448 3077 βλαβιρᾰ
458 3017 500 3063 rcl
510 3014 638 3062 κακωτικᾰ
648 3016 747 3074 φύσεως
757 3016 813 3062 ieru-
855 3019 954 3071 dicenti
963 3019 1052 3065 Fecirli
1062 3019 1136 3078 (ven.
1145 3021 1219 3080 8102

287 3090 363 3150 ripae
371 3091 479 3139 ἀνελεῖν·
494 3091 610 3138 Hercules
614 3091 730 3150 peruasit
737 3095 815 3136 terras
883 3107 917 3149 Ἥ
928 3108 995 3151 „pm
1006 3107 1044 3150 οὖν
1051 3108 1072 3150 d
1086 3107 1166 3161 epm
1179 3108 1274 3161 lima*
1284 3109 1366 3163 “¹4⁹3

289 3169 419 3227 (semla,
434 3169 564 3216 culmina
577 3166 670 3212 rubim
684 3164 815 3211 bominibus
887 3174 1353 3225 ‘renwmormtomnnmmuermr

288 3411 368 3477 least,
378 3417 458 3483 great
469 3414 591 3485 danger3
609 3429 641 3469 so
652 3414 715 3469 that
728 3413 778 3469 the
789 3411 971 3484 punishment
984 3410 1021 3466 be
1035 3409 1184 3481 conjoined
1197 3407 1264 3463 vrith
1278 3414 1393 3480 proteo·

288 3497 349 3550 tion
368 3497 477 3566 against
489 3499 585 3552 future
599 3498 735 3561 mischief,
753 3514 786 3552 or
799 3498 836 3553 be
847 3496 992 3552 adefonse
1004 3496 1038 3551 of
1049 3494 1181 3552 offended
1194 3493 1312 3566 dignity‚
1326 3510 1361 3549 or
1373 3510 1394 3548 a

204 3569 206 3574 ’
287 3579 404 3649 remedy
417 3585 448 3633 to
462 3597 481 3633 a
491 3582 650 3650 pernicious
665 3583 801 3651 example.

342 3662 405 3714 Xh.
445 3669 459 3715 1
483 3663 511 3716 It
532 3665 556 3718 is
573 3671 604 3718 to
624 3664 661 3719 be
680 3665 853 3720 understood
875 3667 934 3721 elso
951 3667 1015 3722 that
1031 3666 1121 3737 lrings,
1136 3664 1194 3719 and
1211 3663 1280 3735 they
1297 3663 1394 3720 whose

289 3742 379 3814 rights
393 3760 442 3798 ere
458 3745 493 3799 of
509 3745 558 3801 the
578 3753 679 3802 nature
694 3750 728 3802 οι·
738 3750 817 3818 royel
832 3750 929 3819 rights,
945 3751 1017 3806 have
1036 3751 1085 3806 the
1101 3751 1177 3820 right
1195 3750 1227 3803 of
1245 3749 1393 3819 requiring

287 3827 478 3901 punishment,
501 3837 552 3886 not
569 3833 636 3903 only
652 3832 698 3887 for
714 3833 830 3902 injurios
849 3836 1014 3890 committed
1029 3836 1139 3906 agrium
1152 3834 1231 3890 them
1244 3831 1301 3888 end
1315 3832 1394 3888 their

287 3914 418 3986 subjecte,
437 3915 489 3972 but
507 3916 553 3971 for
566 3916 647 3972 those
665 3918 724 3972 also
744 3917 834 3972 vhich
852 3920 889 3974 do
907 3929 958 3975 not
975 3921 1131 3992 peculiarly
1141 3919 1228 3975 touch
1239 3917 1327 3982 them,
1339 3917 1394 3973 but

287 3999 378 4054 vbich
390 4002 569 4072 enormously
586 4002 689 4058 violate
707 4003 757 4058 the
772 4004 824 4057 lav
840 4005 872 4060 of
887 4012 989 4061 nature
1005 4006 1063 4059 end
1077 4005 1188 4059 natione
1204 4004 1236 4058 iu
1252 4020 1308 4075 sny
1325 4019 1393 4073 per-

287 4101 361 4142 sons.
404 4087 462 4141 For
484 4087 534 4142 the
553 4087 656 4158 liberty
677 4088 711 4143 of
728 4090 876 4160 providing
896 4090 942 4145 for
965 4090 1072 4144 human
1095 4091 1201 4160 society
1220 4088 1258 4159 by
1275 4087 1393 4159 punish-

287 4177 375 4236 ment,
389 4170 479 4226 which
493 4179 524 4226 st
537 4171 606 4236 first,
626 4189 657 4226 as
676 4190 718 4228 vve
733 4174 804 4229 heve
815 4175 884 4240 said,
897 4192 951 4228 vas
965 4176 995 4227 in
1010 4175 1059 4229 the
1073 4173 1164 4228 hands
1175 4173 1208 4228 οἰ
1216 4173 1394 4237 individuale,

288 4255 346 4319 did,
358 4256 437 4310 when
452 4263 538 4311 etates
550 4258 607 4311 end
618 4258 756 4314 tribunels
767 4277 840 4314 vvere
851 4259 1007 4323 instituted,
1019 4260 1071 4313 lull
1085 4267 1116 4314 to
1133 4260 1182 4314 the
1193 4258 1276 4314 share
1294 4256 1328 4312 of
1342 4257 1393 4311 the

287 4356 418 4410 supreme
430 4341 602 4405 authorities,
618 4350 669 4399 not
682 4345 815 4417 properly
829 4362 859 4399 as
872 4344 1068 4416 commanding
1080 4345 1184 4408 othere,
1197 4343 1250 4398 bnt
1264 4358 1295 4397 as
1307 4342 1394 4412 being

288 4423 456 4480 themselves
482 4427 591 4497 subject
615 4435 645 4484 to
669 4446 752 4487 none.
797 4430 856 4484 For
880 4430 1037 4501 subjection
1054 4430 1122 4485 took
1143 4444 1222 4500 evey
1240 4426 1291 4483 the
1315 4425 1394 4499 right
