3000 5062
260 288 324 353 294
705 293 757 346 DE
781 291 919 346 POENIS.
1238 282 1313 353 [Lis.
1329 286 1372 341 11.

266 454 372 553 ζονεῖα
397 460 459 526 τοῦ
483 455 569 544 βίον.
622 454 761 522 Primum
787 455 870 521 enim
887 453 1059 519 membrum
1075 448 1269 537 voluptatem
1286 447 1372 514 desi-

263 557 361 634 deria,
387 556 555 623 secundum
584 555 719 622 habendi
743 553 954 641 cupiditatem,
981 550 1108 619 tertium
1139 571 1228 615 vanae
1257 547 1373 637 gloriae

263 655 521 723 consectationem
545 663 578 721 et
598 654 790 721 iracundiam
816 651 1039 740 complectitur.
1092 648 1182 714 Philo
1204 647 1238 713 in
1265 649 1372 714 Deca-

157 778 168 821 c
264 755 329 843 logi
345 755 550 842 explicatione
571 753 675 819 omnia
697 753 780 818 mala
801 774 868 817 esse
889 750 971 832 dicit,
990 746 1028 838 ἐξ
1049 749 1221 828 ἐπιθυμίας
1247 741 1374 840 ixpa-

264 851 380 935 μάτων
397 848 417 934 ἢ
436 847 526 943 δόξης
553 848 571 933 ἢ
597 846 717 933 ἡδονῆς.
768 849 950 916 Lactantius
966 849 1046 915 libro
1064 858 1171 914 sexto:
1196 849 1306 914 cirtae
1322 860 1373 913 est

264 958 354 1020 iram
370 955 523 1030 cohibere,
541 955 755 1040 cupiditatem
771 971 973 1035 compescere,
993 951 1161 1015 libidinem
1177 948 1372 1032 refroewe.

264 1057 356 1121 Nam
372 1056 449 1139 fere
474 1055 584 1120 omnia
604 1075 674 1135 quae
690 1054 778 1135 fluct
802 1052 919 1133 injuste
946 1061 1044 1135 atque
1071 1048 1223 1133 improbe,
1249 1048 1295 1111 ab
1317 1047 1374 1111 hie

266 1156 418 1220 criuntur
435 1154 626 1238 affectibem:
650 1150 734 1236 quod
752 1157 784 1215 et
801 1148 875 1214 alibi
892 1148 1015 1235 repetit

342 1252 448 1315 XXX.
499 1254 517 1314 1
556 1250 666 1324 Causa,
687 1269 757 1333 quae
781 1269 801 1313 a
826 1246 1032 1333 delinquendo
1057 1245 1241 1312 abstrahere
1264 1243 1374 1319 debet,

267 1349 423 1439 generalis
455 1356 502 1414 est
531 1347 689 1434 injustitia
736 1348 908 1414 Versamur
938 1345 1021 1412 enim
1052 1367 1115 1410 non
1146 1345 1179 1409 in
1210 1342 1374 1430 quibusvis

267 1446 422 1536 peccatis3
448 1446 504 1512 sed
528 1446 561 1511 in
586 1446 624 1512 iis
646 1467 717 1532 qua
738 1454 914 1533 respectum
938 1446 1057 1512 habent
1073 1452 1164 1510 extra
1179 1450 1374 1532 peccantem.

268 1545 428 1634 Injustitia
455 1568 493 1612 eo
519 1554 567 1611 est
594 1544 781 1632 majorque
808 1544 908 1630 majus
934 1544 1026 1611 alleri
1053 1545 1201 1610 damnum
1226 1542 1373 1608 infertur.

270 1646 347 1713 Ideo
364 1646 499 1735 primum
523 1644 625 1711 locum
646 1645 788 1711 obtinent
810 1644 923 1710 delicta
940 1652 1161 1721 consummata,
1178 1651 1375 1729 postremum

269 1768 340 1834 qum
365 1746 407 1812 ad
431 1753 519 1812 actus
540 1744 660 1830 aliquos
682 1744 737 1809 sed
759 1766 821 1809 non
846 1744 888 1809 ad
911 1743 1052 1810 ultimum
1075 1749 1312 1831 processerunt:
1340 1740 1376 1806 in

270 1845 382 1933 quibus
398 1853 487 1913 tanto
503 1843 640 1930 quidque
662 1852 710 1910 est
731 1843 948 1932 graviusque
969 1841 1099 1910 ulterius
1116 1840 1277 1930 processit.
1332 1841 1374 1906 In

270 1944 389 2012 utrovis
406 1967 522 2034 genere
542 1966 580 2011 ea
602 1943 754 2029 injustitia
777 1942 901 2019 eminet,
923 1965 995 2029 quoe
1017 1963 1208 2008 communem
1230 1938 1377 2007 ordinem
1431 2020 1434 2025 Ι

270 2045 445 2131 perturbat,
462 2067 500 2110 ae
522 2043 655 2131 proinde
680 2042 822 2131 plurimis
846 2052 945 2108 nocet.
994 2041 1145 2129 Sequitur
1166 2062 1205 2106 ea
1221 2062 1293 2128 quae
1311 2039 1377 2105 sin-

270 2144 360 2233 gulos
387 2145 497 2233 tangit
547 2143 686 2210 Maxima
716 2142 767 2208 hic
800 2149 848 2209 est
881 2164 951 2228 quae
986 2141 1101 2209 vitam:
1128 2139 1274 2228 proxima
1300 2160 1376 2226 quae

315 2321 461 2368 'interdum
476 2324 498 2368 et
513 2320 584 2367 aliud
596 2320 687 2367 aceedit
700 2318 797 2379 uitium]
845 2331 890 2364 nos
905 2317 1032 2363 amandare
1047 2317 1182 2364 voluerunt.
1215 2317 1262 2364 Est
1276 2317 1376 2377 quidem

271 2395 334 2444 thoe
350 2396 430 2442 locum
449 2397 568 2457 insignem
588 2396 613 2440 in
629 2395 702 2441 Luem
721 2395 800 2440 verbis
846 2395 899 2440 heio
910 2395 1029 2450 mendum,
1044 2394 1087 2440 scd
1102 2393 1127 2438 in
1143 2394 1195 2439 sola
1209 2406 1268 2440 voce
1284 2393 1376 2442 sm.-

270 2470 335 2531 apud
345 2470 498 2529 Xiphilinum
509 2485 538 2516 ex
549 2470 636 2516 Dione.
654 2470 694 2528 lln
705 2470 799 2515 Editio·
847 2471 912 2530 quod
922 2483 966 2515 nos
976 2469 1094 2515 detexisse
1103 2482 1233 2529 speramus.
1255 2469 1378 2516 Nimirum

270 2543 800 2604 nibuspraeeedentibm,locovocumillarum,
847 2545 872 2590 in
883 2544 962 2590 animo
972 2544 1057 2590 habuit
1067 2544 1167 2601 Auctor,
1173 2545 1238 2604 quod
1248 2544 1279 2590 ds
1287 2546 1379 2591 Avidio

271 2619 345 2665 Lucre
354 2619 438 2674 uerbis,
449 2618 553 2677 positum
565 2618 653 2676 fuerat,
663 2616 799 2662 Luciioita.
848 2618 932 2665 Cassio
942 2618 1000 2663 dicit
1010 2618 1106 2664 Marcus
1116 2618 1262 2675 Antoninus,
1275 2618 1301 2664 in
1313 2619 1380 2665 Ora·

271 2691 392 2738 Nimirum
401 2692 512 2737 Editores
523 2694 667 2750 putaverant
677 2690 711 2735 ita
718 2703 800 2736 emen·
848 2692 913 2738 tione
923 2694 954 2738 ad
964 2693 1055 2739 Milites
1065 2693 1156 2750 habita,
1170 2693 1213 2739 nbi
1228 2707 1257 2739 eo
1271 2694 1380 2740 atrocio-

272 2766 377 2812 dandnm
398 2765 487 2821 locum,
508 2779 584 2825 quum
604 2765 723 2811 nescirent
742 2765 800 2824 qnid
848 2782 899 2813 rem
916 2782 967 2814 esse
981 2769 1032 2829 ejus
1047 2769 1202 2815 rebellionem
1219 2769 1380 2827 demonstret,

272 2839 407 2886 sibivellet.
438 2839 641 2886 Hitsmensimul
650 2841 801 2885 monerede-
848 2841 913 2900 quod
933 2841 1057 2887 violaverit
1072 2842 1129 2900 jura
1147 2841 1264 2899 amicitiae,
1284 2841 1380 2900 φιλίαν

272 2916 383 2972 buerant,
399 2915 453 2975 quis
469 2915 501 2961 sit
516 2915 557 2961 ille
571 2915 669 2969 Lucius,
685 2915 716 2959 ad
733 2915 801 2972 cujus
849 2914 1004 2974 ὑπερβάντα.
1031 2916 1093 2962 Vide
1109 2916 1209 2976 reliqua,
1224 2918 1378 2976 pamma.

273 2991 525 3052 viumaxiphilino
535 2991 656 3051 scriptam,
667 2992 800 3038 Auctorem
849 3002 873 3037 o.
903 2990 953 3036 Ed.
964 2990 1001 3037 H.
1012 2990 1093 3051 Stepi.
1124 2993 1212 3039 Sensus
1221 2991 1379 3053 ille,utqm'-

273 3240 364 3296 hends
376 3240 425 3297 tho
437 3241 528 3297 desire
539 3242 573 3298 of
584 3243 722 3315 pleasure,
735 3242 785 3297 the
800 3242 912 3308 second,
927 3244 1053 3316 eupidity
1064 3242 1098 3300 ot'
1105 3243 1217 3314 haring,
1228 3242 1279 3298 the
1289 3241 1380 3308 third,

273 3327 324 3383 the
337 3330 449 3399 pursuit
463 3329 571 3383 efrain
585 3330 674 3401 glum,
689 3330 746 3384 and
762 3346 856 3400 angor.
902 3329 986 3384 Philo
1004 3346 1066 3402 says
1085 3329 1148 3384 that
1161 3329 1200 3384 all
1215 3329 1270 3384 evil
1282 3344 1380 3385 comes

274 3413 308 3469 of
319 3413 369 3468 tho
383 3415 474 3470 desire
489 3415 522 3468 oi
533 3415 642 3480 wealth,
657 3416 745 3487 glory,
760 3432 793 3470 or
804 3416 940 3488 pleaeure.
989 3416 1027 3470 So
1041 3417 1214 3473 Lactantius.

327 3500 426 3554 XXX.
473 3505 487 3552 1
522 3495 654 3568 [Second
682 3501 715 3554 oi
736 3501 786 3556 the
813 3501 997 3572 withholding
1023 3495 1127 3569 cause]
1174 3500 1236 3555 The
1261 3500 1380 3571 general

275 3600 359 3638 cause
374 3583 463 3636 which
478 3583 566 3653 ought
581 3590 611 3638 to
625 3583 760 3638 withhold
776 3602 841 3639 men
853 3586 927 3641 from
939 3587 1082 3657 offending
1096 3587 1119 3640 is
1130 3587 1242 3657 justice.
1266 3580 1380 3654 [Hence

276 3667 405 3737 injustiee
423 3669 447 3720 is
465 3684 483 3720 a
497 3684 625 3723 measure
644 3669 678 3722 of
694 3666 899 3739 punishment]
938 3672 999 3727 The
1019 3673 1148 3743 injustico
1162 3673 1186 3727 is
1201 3670 1250 3725 the
1263 3678 1381 3742 greater

276 3767 307 3806 as
330 3750 379 3804 the
401 3757 514 3820 greater
535 3751 654 3823 damage
680 3754 703 3807 is
723 3753 797 3808 done
818 3760 849 3808 to
875 3772 931 3827 any
954 3773 1016 3812 ono.
1063 3757 1218 3812 Thereiore
1240 3757 1290 3811 tho
1316 3758 1381 3812 first

276 3836 358 3908 place
371 3834 487 3907 belongs
502 3844 532 3893 to
547 3839 758 3894 consummated
772 3840 888 3904 crimos;
910 3840 958 3897 tho
970 3850 1045 3909 next,
1058 3849 1088 3898 to
1108 3843 1189 3899 those
1205 3841 1294 3896 which
1305 3841 1380 3898 have

276 3922 435 3995 procceded
449 3928 479 3978 to
494 3940 571 3979 some
585 3930 652 3988 acts,
666 3925 719 3979 but
736 3932 786 3981 not
801 3932 831 3980 to
846 3925 895 3981 the
906 3928 977 3994 lest3
992 3931 1048 3984 and
1060 3946 1164 4000 among
1177 3929 1265 3993 these,
1279 3944 1380 3999 every-

277 4009 359 4080 thing
372 4010 396 4064 is
410 4009 460 4065 the
478 4027 558 4066 more
570 4011 699 4081 grievous
714 4012 743 4065 in
761 4014 927 4084 proportion
943 4032 973 4070 as
988 4017 1011 4070 it
1026 4016 1076 4071 has
1088 4032 1161 4087 gono
1176 4013 1296 4070 further.
1343 4015 1380 4069 In

278 4095 349 4151 each
367 4096 446 4161 class,
463 4096 526 4152 thet
548 4097 678 4167 injustice
695 4097 746 4153 has
765 4116 801 4152 an
825 4101 950 4156 eminent
969 4101 1050 4171 place
1068 4101 1159 4157 which
1182 4099 1305 4155 disturbs
1328 4099 1381 4154 the

279 4198 410 4237 common
424 4183 515 4248 order,
529 4184 585 4237 and
600 4183 742 4239 therefore
756 4185 836 4240 hurts
856 4187 905 4241 the
918 4193 1042 4258 greatcst
1056 4189 1192 4252 number3
1203 4187 1267 4241 that
1284 4201 1382 4241 comcs

278 4268 362 4332 aiter,
381 4268 472 4324 which
490 4269 586 4324 affecta
607 4270 783 4328 individuale.
831 4272 892 4327 Tho
914 4279 1038 4344 greatest
1057 4274 1163 4329 offense
1183 4273 1252 4328 here
1271 4272 1295 4326 is
1316 4271 1383 4327 that

279 4353 370 4408 which
385 4355 482 4410 affecta
495 4355 562 4420 life,
584 4355 633 4410 the
645 4363 721 4422 next,
735 4358 842 4430 family,
853 4359 887 4413 of
899 4358 988 4413 which
1003 4358 1052 4414 tho
1063 4359 1231 4414 foundation
1243 4359 1267 4414 is
1281 4358 1384 4414 matri·

279 4454 381 4511 mouy;
393 4441 443 4496 the
457 4441 519 4506 last,
534 4441 672 4498 desirablo
686 4443 800 4514 objecto,
815 4444 906 4500 either
920 4445 1039 4518 direotly
1050 4446 1088 4519 by
1099 4446 1274 4517 subtracting
1287 4443 1382 4509 them,
