3000 5062
266 280 331 346 296
712 290 764 344 DE
786 288 925 344 POENIS.
1242 284 1319 355 [Lus.
1333 288 1377 345 11.

265 456 378 546 sapius
401 455 550 543 deliquit:
574 455 647 544 quia
671 455 796 522 habitus
818 454 892 521 mali
917 453 1036 521 actibus
1056 459 1129 520 sunt
1145 453 1276 542 pejores:
1328 457 1378 522 Et

266 559 338 623 hinc
363 556 494 644 intelligi
519 564 623 641 potest
650 565 802 642 quatenus
828 564 942 621 natura
967 577 1091 640 aequum
1116 554 1158 620 sit
1183 555 1267 640 qued
1287 556 1379 643 apud

266 658 379 722 Persas
396 656 499 731 fiebat,
518 652 572 721 tut
589 656 654 721 vita
670 656 809 721 anterior
825 655 916 720 simul
929 677 998 720 cum
1015 654 1125 719 delicto
1142 652 1175 718 in
1192 654 1379 720 aetimatio-

266 779 338 823 nem
363 755 495 821 veniret.
547 756 586 821 ld
616 755 697 822 enim
727 757 828 821 locum
855 753 972 820 habere
1002 753 1096 820 debet
1121 751 1154 818 in
1184 753 1233 818 his
1257 755 1378 840 quibus

266 854 381 942 alioqui
410 877 472 920 non
495 854 583 921 malis
608 854 709 921 subito
733 854 837 940 aliqua
861 852 1008 940 peccandi
1031 852 1160 918 dulcedo
1190 853 1374 940 subrepsit:

266 977 330 1020 non
346 955 379 1019 in
401 953 450 1019 his
471 954 525 1039 qui
552 962 651 1020 totum
675 954 748 1019 vitae
770 975 869 1043 genus
890 952 1102 1029 immutarunt,
1120 950 1153 1016 iu
1175 951 1288 1039 quibus
1305 953 1377 1040 ipse

106 1066 224 1117 manua
267 1055 355 1121 Deus
371 1054 455 1142 apud
473 1053 666 1120 Ezechielem
683 1054 797 1119 nullam
815 1074 849 1116 se
863 1052 980 1117 habere
997 1052 1042 1117 ait
1058 1051 1170 1138 prioris
1187 1050 1259 1117 vitae
1276 1052 1376 1119 ratio·

105 1168 214 1209 matta
268 1176 349 1230 nem,
375 1153 548 1239 quibusque
576 1153 654 1218 adeo
683 1151 920 1240 Thucydideum
945 1151 1022 1216 illud
1047 1151 1150 1237 aptari
1179 1159 1301 1237 potest:
1328 1146 1376 1221 d:-

270 1254 415 1321 πλασίας
442 1247 552 1343 ζημίας
573 1245 660 1340 ἄξιοί
682 1253 772 1328 εἰσιν,
798 1248 853 1319 ὅτι
887 1246 960 1318 ἀντ’
986 1246 1122 1340 ἀγαθῶν
1146 1249 1235 1319 κακοὶ
1260 1249 1374 1342 Ύεγὲ·

270 1369 398 1433 νηνται·
424 1351 599 1435 dupliciter
615 1373 731 1436 panae
753 1363 924 1426 mereatur,
946 1373 981 1416 eo
1004 1353 1089 1435 qood
1109 1373 1149 1416 aa
1170 1352 1260 1416 baccea
1286 1354 1376 1418 mali

103 1466 226 1511 nauum.
259 1452 355 1536 facti
376 1462 460 1516 sant.
514 1449 606 1526 Quod
630 1458 662 1515 et
683 1449 758 1515 alibi
783 1449 882 1516 dixit:
908 1446 963 1516 ὅτι
989 1445 1046 1517 οὐκ
1071 1445 1106 1517 ἐκ
1134 1445 1376 1542 προσηκόντων

267 1543 489 1642 ἁμαρτάνουσι
502 1569 510 1586 ·
536 1551 617 1634 qaia
633 1551 720 1635 ipsos
731 1570 869 1634 peccare
885 1551 1017 1615 mimimo
1033 1551 1173 1616 decebat.

343 1651 365 1713 4
399 1649 511 1734 Itaque
539 1648 655 1734 optime
682 1648 852 1713 Christiani
878 1656 1002 1714 veteres
1031 1648 1062 1713 in
1093 1647 1190 1735 panis
1217 1671 1374 1716 mnonum

267 1747 456 1814 aestimandis
472 1753 554 1812 unou
579 1747 696 1813 nudum
722 1746 866 1812 delictum
884 1747 1049 1814 voluerunt
1072 1748 1176 1835 aspici,
1197 1749 1253 1814 sed
1279 1749 1375 1815 simul

266 1847 342 1913 witae
369 1847 453 1933 quod
480 1847 638 1932 praecessit
663 1855 695 1912 et
722 1847 805 1932 quod
832 1847 991 1931 sequitur;
1015 1856 1051 1914 ut
1073 1869 1113 1912 ex
1140 1848 1311 1936 Ancyrana
1340 1859 1374 1917 et

104 1955 245 1996 tem-'¹2¹³
266 1946 335 2011 aliis
361 1946 498 2035 Synodis
524 1946 631 2010 videre
655 1954 710 2010 est.
762 1946 826 2011 Sed
851 1955 883 2011 et
904 1945 955 2011 lex
977 1947 1078 2033 posita
1093 1947 1243 2012 adversus
1259 1947 1374 2014 vitium

266 2045 429 2132 specialem
448 2045 603 2131 quandam
620 2043 768 2110 malitiam
782 2044 883 2110 veteri
897 2045 1099 2130 superaddit:
1117 2046 1200 2131 quod
1215 2045 1261 2112 ita
1278 2048 1375 2115 docet

102 2155 242 2242 ww·
267 2144 478 2234 Augustinus:
506 2147 578 2210 '‘lea
588 2146 768 2230 prohiberes
785 2148 897 2210 omnia
918 2147 1040 2210 delicta
1056 2148 1280 2231 congeminat:
1304 2170 1375 2214 mom

265 2324 358 2371 mentia:
374 2336 421 2383 qao
430 2322 491 2367 emim
501 2320 578 2381 plara
587 2323 641 2365 eant
652 2319 677 2364 ia
688 2332 741 2379 qua
754 2319 792 2364 ia·
843 2319 948 2366 meritae
963 2319 1019 2378 eius,
1040 2323 1081 2381 qni
1096 2321 1214 2382 arquitur,
1232 2326 1267 2369 eet
1276 2323 1374 2382 ponde·

265 2399 365 2446 eidinuae
384 2397 479 2452 delicta,
506 2395 550 2441 hoe
570 2393 681 2450 mqiorem
698 2407 793 2453 penam
841 2395 952 2442 recidam.
981 2397 1053 2455 (Cap.
1063 2397 1112 2456 25.)

265 2486 435 2521 commeremur.
467 2468 793 2532 [Dron.s1e.sLib.x11.
887 2470 1183 2519 summissionem
1194 2474 1317 2522 solmam
1329 2490 1373 2523 ae·

265 2546 350 2604 Ecleg.
363 2544 411 2603 lia]
837 2544 901 2605 pici]
918 2546 1002 2593 Canon
1014 2549 1154 2608 Ancyranus
1165 2561 1228 2595 xxv.
1251 2550 1374 2611 chrysos·

310 2624 318 2654 ¹
336 2621 370 2666 Ut
378 2622 429 2666 cita
442 2621 548 2665 anterior
557 2619 628 2665 eimud
643 2633 694 2666 erem
707 2618 792 2663 delicte
841 2626 922 2667 tomus
931 2622 963 2666 ad
974 2635 1002 2668 11.
1013 2622 1045 2666 ad
1056 2623 1200 2680 Corinthios,
1211 2637 1263 2684 cap.
1274 2624 1299 2671 ii.
1311 2625 1373 2673 ὅθιν

264 2696 290 2741 in
299 2696 472 2742 estimationem
481 2694 580 2754 veniret]
593 2694 691 2740 Asinius
703 2693 791 2739 Pollio:
841 2695 1006 2757 μανθάνομεν,
1021 2697 1064 2744 ὅτι
1073 2700 1101 2744 οὐ
1112 2698 1151 2745 δεῖ
1159 2700 1234 2757 μόνον
1243 2701 1308 2759 πρὸς
1319 2702 1372 2758 τήν

266 2771 341 2831 [apud
361 2771 446 2818 Sonec.
467 2770 563 2816 Suasor.
580 2782 616 2814 vr.
636 2768 718 2828 paullo
734 2772 791 2815 ants
841 2770 920 2830 φύσιν
941 2774 993 2818 τῶν
1017 2771 1214 2833 ἁμαρτημάτων,
1233 2774 1303 2822 ἀλλά
1326 2777 1372 2824 καὶ

264 2859 346 2891 versus
364 2845 437 2891 Corn.
454 2843 557 2904 Senem]
574 2858 622 2905 qua
639 2844 716 2903 major
728 2857 791 2902 pare
840 2845 905 2905 epte
925 2845 972 2900 τήν
991 2846 1100 2893 διάνοιαν
1119 2847 1160 2893 nai
1180 2847 1373 2909 vivificetis

263 2920 319 2967 uita
331 2925 401 2981 atque
411 2920 499 2981 ingenii
508 2920 578 2977 stetit,
594 2932 623 2965 ea
632 2918 790 2976 judicandum
839 2917 1037 2978 ἁμαρτανόντων
1051 2921 1099 2975 τήν
1116 2921 1250 2980 μετάνοιαν
1266 2923 1371 2983 ipsisne·

264 2995 294 3042 de
303 2995 394 3041 homine
403 3001 443 3041 eat.
475 2994 560 3041 Cicero
571 3008 620 3054 pro
631 2993 683 3041 Sat.
711 2994 791 3039 Omni·
840 2993 1022 3040 andediecimae
1030 2996 1175 3054 penitentia
1182 2997 1247 3056 fiaes
1256 2997 1371 3046 dami-

263 3071 306 3116 ha
316 3071 340 3116 in
349 3071 425 3127 rebus,
434 3069 536 3128 judices,
546 3084 596 3129 que
606 3069 729 3129 praciam
738 3083 789 3113 ma·
839 3068 931 3114 mandes
944 3082 990 3113 mon
1005 3069 1059 3114 eota
1073 3069 1211 3116 delictorum
1224 3076 1314 3118 matura
1330 3075 1371 3120 a'n-

255 3145 369 3206 J'oresque
377 3151 438 3203 eant,
452 3145 512 3205 qaid
520 3145 574 3204 quie
582 3144 689 3200 coluerit,
699 3143 790 3203 coqtta-
838 3149 925 3203 specta,
940 3144 982 3191 sed
994 3150 1016 3191 et
1027 3148 1148 3206 propositi
1162 3153 1185 3193 et
1198 3149 1272 3194 morie
1286 3163 1371 3198 emm

263 3220 304 3279 rit,
323 3221 453 3281 admiserit,
471 3235 517 3266 mom
532 3235 561 3267 es
576 3219 680 3276 erimine,
699 3219 742 3265 sed
760 3232 789 3265 ea
839 3220 1022 3279 quipeeearant.
1038 3221 1281 3285 (Tom.111.p.669,)
1298 3226 1372 3275 idem

262 3472 376 3527 offenso.
421 3471 489 3526 Also
504 3471 584 3527 there
599 3488 717 3543 appears
731 3489 749 3526 a
769 3477 882 3542 greater
895 3472 1014 3543 pravity,
1033 3472 1058 3526 if
1074 3488 1130 3543 any
1144 3489 1198 3528 ono
1216 3472 1266 3528 has
1285 3475 1369 3531 often

262 3556 408 3611 offendcd:
432 3556 551 3610 because
565 3556 622 3611 bad
636 3557 729 3611 habits
747 3573 796 3610 arc
817 3573 904 3611 :verso
919 3558 989 3611 than
1011 3558 1066 3612 bad
1081 3564 1148 3612 acts.
1194 3558 1260 3613 anu
1274 3559 1368 3616 hence

261 3640 285 3694 it
296 3657 361 3709 may
372 3641 409 3693 be
420 3640 591 3695 understood
603 3639 664 3694 how
679 3640 724 3693 far
735 3640 798 3695 that
814 3656 867 3695 was
880 3643 917 3713 by
930 3650 1031 3699 nature
1043 3644 1193 3714 cquitable,
1205 3643 1296 3698 which
1308 3663 1368 3702 was

260 3723 402 3796 practised
422 3740 525 3792 among
539 3723 588 3778 the
603 3725 742 3788 Persians,
762 3725 825 3778 that
844 3726 893 3780 the
914 3729 1039 3783 anterior
1057 3729 1108 3783 life
1122 3747 1178 3783 was
1196 3730 1282 3784 taken
1303 3731 1368 3787 into

261 3812 381 3862 account
396 3806 480 3878 along
495 3808 561 3862 with
576 3809 625 3863 tho
640 3810 754 3864 offense.
800 3809 874 3864 That
892 3829 956 3884 may
968 3814 1004 3869 be
1019 3815 1141 3886 applied,
1159 3814 1252 3870 where
1266 3833 1284 3869 a
1298 3833 1369 3887 per-

261 3910 321 3958 son,
336 3898 386 3947 not
406 3892 552 3948 otherwise
569 3894 633 3958 bad,
651 3893 702 3949 has
720 3895 792 3949 been
809 3912 955 3952 ovcrcome
970 3899 1007 3970 by
1022 3916 1099 3955 some
1117 3900 1227 3955 sudden
1240 3906 1368 3973 tempta·

260 3981 337 4036 tion:
361 3980 412 4034 but
433 3986 483 4034 not
497 3981 527 4033 in
546 3979 627 4034 those
648 3979 711 4034 who
726 3981 797 4035 have
812 3982 939 4054 changed
951 3984 1026 4041 their
1041 3985 1130 4040 whole
1145 4003 1245 4042 course
1259 3987 1293 4041 of
1305 3988 1367 4052 life,

260 4068 290 4120 in
310 4066 401 4120 whom
414 4066 477 4144 God
496 4083 558 4138 says
579 4065 616 4121 ha
631 4065 686 4119 will
701 4074 751 4122 not
765 4069 865 4138 rcgard
878 4068 927 4124 the
938 4070 1045 4126 former
1062 4071 1112 4126 life
1125 4070 1223 4140 (Eaek.
1237 4073 1364 4142 xviii.*).

262 4153 301 4207 So
316 4152 502 4223 Thucydides.

315 4245 332 4292 4
360 4237 421 4292 Tho
433 4238 546 4293 ancient
561 4237 723 4304 Christiane,
738 4239 768 4293 in
782 4240 924 4312 assigniug
938 4240 1120 4312 punishment
1134 4242 1173 4315 by
1187 4243 1237 4299 the
1249 4260 1366 4311 canona,

304 4364 320 4393 ⁸
336 4365 389 4411 The
403 4364 520 4424 principal
531 4371 586 4424 part
599 4367 627 4413 ol
635 4368 676 4414 the
691 4381 792 4429 passage
806 4369 889 4415 rather
903 4369 977 4416 refers
987 4368 1037 4429 (ses
1047 4383 1069 4417 v.
1083 4370 1121 4429 10)
1137 4374 1163 4416 to
1174 4371 1216 4416 the
1230 4384 1274 4417 son
1289 4373 1368 4434 being

259 4438 307 4484 had
319 4440 388 4485 when
399 4439 440 4485 the
449 4439 529 4486 father
538 4440 581 4488 has
590 4443 651 4489 heen
662 4443 750 4503 agood
761 4457 824 4489 man.
855 4444 896 4490 W.
