3000 5062
136 283 205 337 ore.
221 281 288 347 nr]
541 282 593 333 ns
617 281 829 336 rnoanssrs.
1197 274 1239 340 37

136 449 184 511 od
209 448 247 509 id
264 445 492 530 praestandum
520 465 578 508 eos
606 447 691 530 qood
718 446 824 510 alterii
847 448 1062 530 promisimus
1086 448 1238 532 oblipat?

134 545 180 609 ait
199 545 316 609 Seneca
333 543 372 608 de
389 541 459 630 lege
483 542 619 608 humana
644 552 677 608 et
693 535 859 630 ‘promisso
882 568 945 610 non
968 544 1137 612 solenniter
1153 546 1236 613 facto
1248 556 1387 640 {32qu

134 643 271 728 loquens.

211 747 232 808 3
267 743 401 808 Possunt
430 750 535 808 autem
561 740 747 808 naturaliter
773 743 936 810 deliberati
963 743 1057 809 animi
1081 744 1143 810 alia
1169 767 1235 811 esse

133 841 225 931 signa
241 851 360 928 praeter
383 841 623 927 stipulationem,
641 849 698 906 aut
721 841 747 907 si
768 842 843 928 quid
864 841 893 907 ei
910 841 1008 908 simile
1025 844 1066 909 ad
1082 844 1235 909 actionem

133 941 319 1029 pariendum
346 941 398 1005 lex
422 940 518 1006 civilis
541 939 685 1027 postulat
740 942 831 1018 Quod
856 951 960 1007 autem
986 942 1022 1008 fit
1045 942 1147 1007 animo
1171 965 1234 1007 non

133 1040 317 1116 deliberato,
345 1039 377 1104 id
404 1061 460 1105 uos
489 1061 612 1125 quoque
641 1039 683 1104 ad
710 1039 773 1103 rim
800 1041 958 1129 obligandi
988 1063 1050 1106 non
1080 1041 1234 1106 eredimus

134 1139 311 1252 pertinere;
338 1139 422 1223 quod
444 1147 476 1205 et
500 1139 734 1224 Theophrastus
758 1139 837 1204 libro
855 1140 895 1205 de
912 1139 1032 1229 legibus
1049 1149 1232 1207 notaverat:
1246 1146 1374 1233 mgb

133 1239 195 1303 imo
212 1247 245 1303 et
261 1239 344 1324 quod
370 1238 542 1304 deliberato
562 1237 608 1313 lit,
626 1236 682 1302 sed
704 1260 767 1302 non
784 1259 821 1304 eo
839 1238 940 1303 animo
957 1248 993 1304 ut
1004 1239 1057 1325 jus
1074 1240 1234 1326 proprium

133 1337 284 1402 concedat
308 1336 409 1414 alteri,
434 1359 474 1402 ox
497 1358 534 1402 eo
560 1358 708 1425 negamus
726 1336 779 1423 jus
805 1337 950 1426 exigendi
976 1339 1118 1424 cuiquam
1143 1347 1233 1403 natu-

132 1436 243 1502 raliter
268 1436 346 1514 dari,
375 1457 553 1523 quanquam
579 1457 642 1500 non
669 1436 766 1501 solam
792 1436 863 1501 hine
889 1438 1094 1513 honestatem,
1120 1438 1232 1503 sedet

132 1535 348 1601 necessitatem
378 1537 535 1621 quandam
565 1534 713 1599 moralem
743 1536 827 1600 nasei
856 1536 1062 1624 agnoscimus.
1114 1535 1166 1601 De
1195 1558 1233 1601 eo

133 1645 236 1701 autem
254 1635 337 1721 quod
351 1656 392 1700 ex
413 1634 562 1700 Cicerone
576 1633 741 1699 adducitur
753 1656 882 1722 agemus
904 1634 995 1712 infra,
1014 1634 1120 1701 ubido
1136 1633 1233 1700 inter·

132 1733 309 1821 pretatione
326 1742 488 1821 pactorum
508 1755 609 1798 sermo
634 1732 704 1798 erit.
757 1734 821 1799 Sed
844 1756 915 1820 quae
938 1734 980 1799 ad
995 1733 1142 1820 perfectu
1159 1755 1233 1820 pro-

132 1832 284 1898 missionis
301 1833 363 1898 rim
380 1832 599 1918 ³reqnirantur
616 1832 785 1896 videamus.

209 1934 249 1997 V.
302 1935 321 1995 1
357 1932 495 1996 Primum
517 1929 688 2015 requiritur
711 1951 784 1995 usus
800 1929 950 1997 rationis:
975 1929 1046 1996 ideo
1063 1938 1096 1996 et
1112 1929 1231 2007 furiosi,

133 2038 167 2094 et
183 2030 324 2105 amentis,
342 2038 375 2095 et
391 2029 517 2095 infantis
539 2029 626 2094 nulla
647 2037 695 2094 est
711 2028 883 2115 promissio.
934 2028 1028 2094 Aliud
1045 2030 1232 2095 censendum

132 2129 173 2194 de
190 2129 369 2205 minoribus,
387 2128 421 2193 hi
446 2127 528 2193 enim
551 2127 610 2193 etsi
630 2148 692 2192 non
715 2128 791 2192 satis
812 2128 933 2192 firmum
946 2127 1097 2214 judicium
1114 2127 1233 2194 habere

132 2229 312 2310 credantur,
332 2235 368 2294 ut
390 2237 423 2293 et
447 2227 592 2303 soeminae,
614 2226 647 2292 id
671 2235 775 2292 tamen
801 2249 857 2292 neo
881 2235 1068 2314 perpetuum
1091 2236 1148 2305 est,
1175 2249 1232 2292 nce

130 2348 188 2413 per
204 2349 238 2392 se
255 2328 364 2392 sufficit
380 2327 422 2392 ad
438 2335 526 2392 actus
542 2326 604 2390 rim
622 2325 805 2390 elidendam.

207 2428 227 2491 2
264 2426 396 2505 Quando
425 2435 531 2491 autem
558 2445 638 2511 puer
663 2424 783 2490 ratione
809 2424 855 2490 uti
882 2423 1018 2511 incipiat,
1040 2447 1103 2490 non
1128 2433 1234 2512 potest

130 2600 191 2646 iuter
204 2600 265 2646 dces
275 2599 396 2645 Romanos
407 2599 470 2646 aetio
482 2612 528 2644 aon
541 2599 655 2644 nascitur.
706 2597 811 2655 sponsio,
837 2599 964 2644 verborum
990 2597 1121 2644 solennitas
1144 2597 1233 2643 dieitur

130 2672 179 2734 §L
503 2666 516 2695 ‘
705 2673 792 2728 Paulo,
809 2674 862 2719 Lib.
881 2687 905 2720 r.
936 2672 1118 2730 Sententiarum,
1132 2671 1231 2732 (Titi.

175 2747 235 2794 'De
245 2747 364 2808 promisso
381 2761 427 2792 aon
441 2761 468 2792 so
454 2747 574 2793 olemniter
584 2746 655 2807 facto
707 2750 722 2810 ᾖ
740 2749 773 2808 1.)
793 2755 819 2796 et
834 2750 893 2797 Caio
907 2751 979 2796 titulo
995 2751 1026 2796 ds
1045 2750 1232 2809 obligationibus

130 2822 237 2883 loquens]
257 2824 286 2868 Id
297 2828 342 2879 est
357 2836 405 2867 non
416 2836 513 2881 sponso
551 2823 591 2867 Sro
603 2834 655 2880 apr
705 2840 759 2886 qum
770 2839 799 2871 ex
810 2839 927 2872 consensa
938 2825 1008 2873 dunt
1025 2825 1066 2886 (ιι
1077 2827 1100 2873 9.
1110 2823 1148 2885 4.)

130 2899 192 2944 stols
200 2911 258 2943 xrx.
273 2898 413 2957 distinguit:
430 2898 488 2943 Jusa
499 2912 545 2942 noa
558 2897 656 2956 promit·
749 2896 1040 2943 ’Conierl'urssnonn
1051 2897 1160 2943 Desara
1170 2894 1230 2943 nos.

129 2978 179 3020 tans
193 2974 222 3020 de
237 2980 265 3031 te,
280 2972 455 3032 sedrpordrat.
487 2973 620 3032 stipulatus
631 2976 656 3017 et
704 2970 1076 3033 etGertium,Lib.111.eap.vi.
1102 2972 1170 3019 J.13.

188 3226 205 3276 3
234 3220 326 3276 There
349 3238 422 3295 may,
443 3221 580 3287 however,
604 3222 641 3294 by
662 3221 783 3276 Natural
800 3222 875 3284 Lau,
900 3220 937 3274 be
958 3215 1040 3274 other
1061 3218 1136 3287 signs
1162 3216 1196 3270 os
1212 3233 1231 3270 a

129 3304 286 3360 deliberate
305 3323 436 3378 purpose,
454 3308 564 3363 besides
583 3307 633 3362 the
647 3308 790 3378 formality
809 3305 843 3359 of
859 3304 1026 3375 stipulatioa,
1041 3318 1074 3356 or
1094 3301 1231 3373 anything

130 3390 189 3445 else
209 3390 299 3446 which
312 3392 362 3447 tho
386 3394 457 3449 civil
471 3395 539 3449 Law
559 3395 683 3465 requires
698 3410 729 3448 aa
744 3409 762 3446 a
782 3391 892 3463 ground
907 3391 953 3444 sor
966 3405 1004 3443 an
1025 3388 1127 3442 aetion.
1172 3387 1231 3442 But

129 3476 204 3532 what
221 3478 244 3531 is
259 3478 332 3533 done
346 3486 397 3534 not
411 3480 445 3534 of
456 3480 610 3536 dehborate
624 3480 771 3543 intention,
786 3495 827 3532 we
842 3477 900 3532 also
916 3477 953 3532 do
967 3480 1018 3529 not
1031 3473 1098 3529 hold
1114 3478 1144 3528 to
1158 3472 1230 3528 have

128 3561 178 3617 the
191 3563 269 3619 force
285 3564 319 3618 of
335 3564 496 3636 obligation,
518 3583 548 3622 as
563 3565 772 3637 Theophrastus
795 3564 854 3618 also
868 3563 925 3618 had
940 3562 1034 3618 noted.
1079 3559 1143 3614 And
1159 3575 1230 3614 even

128 3665 159 3702 as
180 3655 211 3702 to
229 3649 292 3705 that
310 3649 401 3704 which
418 3651 441 3705 is
462 3651 535 3706 dono
555 3651 623 3706 with
637 3651 791 3706 deliberato
812 3650 960 3715 intention,
977 3649 1030 3702 but
1050 3653 1102 3700 not
1123 3645 1190 3701 with
1213 3661 1231 3699 a

127 3750 250 3806 purpose
262 3736 295 3789 of
306 3736 460 3808 conceding
474 3753 492 3790 a
503 3754 607 3809 proper
618 3737 694 3808 right
705 3744 736 3792 to
750 3734 878 3801 another,
895 3753 936 3790 we
953 3736 1027 3805 deny
1039 3731 1102 3787 that
1114 3733 1137 3786 it
1150 3733 1228 3802 gives

126 3826 159 3873 to
172 3837 228 3892 any
242 3837 297 3876 one
317 3838 334 3876 a
350 3822 426 3892 right
445 3820 479 3876 of
495 3823 665 3893 demanding
683 3822 732 3877 the
747 3821 942 3894 performanoo
957 3822 995 3892 by
1009 3817 1129 3873 Natural
1145 3818 1229 3872 Laws

127 3904 244 3977 though,
263 3907 293 3959 in
308 3906 364 3961 this
383 3923 455 3973 case,
469 3924 511 3965 we
525 3908 607 3963 allow
625 3908 689 3963 that
707 3913 758 3962 not
773 3907 839 3979 only
854 3922 872 3961 a
885 3907 1039 3978 proprioty‚
1053 3902 1105 3957 but
1120 3918 1190 3956 oren
1210 3917 1229 3954 a

126 3991 217 4046 moral
231 3993 369 4064 necessity
384 3994 478 4048 arises.

183 4076 223 4132 As
237 4083 269 4132 to
283 4077 358 4133 what
372 4079 396 4134 is
417 4078 545 4134 wdeced
559 4078 633 4134 from
655 4079 762 4143 Cicero,
779 4094 822 4134 wo
841 4077 914 4133 shall
933 4081 1007 4132 treet
1026 4071 1124 4134 below,
1145 4069 1227 4125 when

125 4175 168 4216 we
182 4160 254 4218 have
266 4169 296 4218 to
307 4165 396 4235 spealr
410 4164 443 4218 of
453 4164 502 4219 tho
516 4163 778 4237 interpretationes
787 4170 876 4235 pects.

183 4247 219 4304 V.
264 4249 323 4304 But
342 4250 383 4304 let
397 4267 429 4305 us
444 4266 491 4305 sce
505 4249 580 4306 what
594 4250 751 4306 conditione
769 4264 819 4303 are
840 4242 970 4317 required
990 4248 1021 4301 to
1039 4245 1162 4317 produce
1177 4245 1227 4302 the

125 4331 204 4388 soree
215 4333 249 4388 of
260 4351 279 4389 a
289 4335 400 4407 perfect
411 4336 541 4408 promise.

184 4424 199 4472 1
227 4419 303 4477 Firat
321 4420 402 4478 there
419 4423 443 4477 is
455 4421 585 4495 required
597 4421 646 4479 the
657 4437 707 4478 uae
725 4420 759 4477 of
773 4435 889 4477 resson:
911 4416 968 4474 end
983 4418 1127 4475 therefore
1147 4416 1226 4471 mad-
