3000 5062
282 303 346 366 250
727 310 779 364 ΒΕ
802 309 939 365 POENIS.
1260 304 1335 374 [lem.
1350 306 1388 363 ΙΙ.

283 484 349 544 tum
368 482 490 542 naturae
506 473 665 543 rationalis
687 495 724 541 eo
741 472 861 540 socialis
880 495 942 560 qna
959 472 1029 538 talis
1051 479 1107 539 est.
1159 470 1267 540 Dictat
1280 481 1389 541 autem

284 576 365 642 ratio
381 575 497 642 homini
513 576 590 641 nihil
606 574 762 663 agendum
779 595 840 659 quo
858 581 1005 638 noceatur
1025 571 1142 639 homini
1159 572 1260 650 alteri,
1278 573 1338 638 nisi
1354 573 1390 641 id

284 675 399 742 bonnm
427 676 552 762 aliquod
577 675 691 741 haheat
719 672 919 761 propositum.
979 673 1018 738 In
1044 672 1109 737 solo
1138 681 1244 740 autem
1271 671 1389 739 inimici

285 774 402 852 dolore,
429 773 475 841 ita
499 775 582 841 nude
606 781 755 861 spectato,
781 771 898 837 nullum
923 779 972 839 est
997 772 1112 837 bonum
1137 771 1195 837 nisi
1216 771 1329 838 salsum
1354 781 1390 841 et

285 872 522 963 imaginarium:
548 882 584 942 ut
599 872 633 937 in
655 870 772 938 divitiis
794 870 1000 959 superuacuis,
1017 869 1183 958 multisque
1203 869 1272 937 aliis
1291 871 1389 939 rebus

285 973 444 1061 ejusmodi.

364 1075 384 1138 2
418 1072 527 1158 Atque
543 1072 602 1137 hoo
618 1093 710 1138 sensu
726 1068 872 1137 ultionem
890 1069 1067 1157 improbant
1084 1067 1117 1135 in
1134 1069 1308 1141 hominibus
1324 1092 1390 1136 non

288 1170 456 1238 Christiani
473 1170 563 1235 modo
581 1170 733 1248 doctores,
759 1170 832 1236 ⁰sed
855 1177 887 1235 et
903 1168 1087 1258 philosophi,
1113 1177 1149 1235 ut
1166 1168 1304 1235 Senecae
1330 1173 1390 1236 Iu-

287 1273 465 1337 humanum
486 1271 616 1336 vcrbum
633 1282 725 1336 estet
742 1272 870 1357 quidem
886 1293 952 1356 pro
965 1269 1055 1354 yuese
1070 1281 1229 1354 receptum
1245 1270 1339 1350 ultio,
1356 1282 1389 1337 et

288 1393 312 1435 a
329 1370 521 1436 contumelia
543 1391 607 1433 uon
628 1371 739 1455 differt
752 1370 820 1435 aiei
840 1371 963 1434 ordino.
1007 1371 1073 1443 Qui
1092 1369 1233 1433 dolorem
1255 1371 1388 1454 reperit,

290 1480 417 1535 tutatum
432 1470 615 1534 accuratim
625 1481 750 1555 peccet.
803 1469 880 1544 Imo,
902 1469 928 1532 ei
945 1467 1084 1533 Maximo
1103 1466 1201 1554 Tyrio
1222 1467 1387 1546 oredimus,

288 1563 307 1637 ὁ
327 1569 476 1659 τιμωρῶν
493 1569 554 1635 τοῦ
576 1562 851 1658 τροῦπαῖρξαντας
871 1558 1073 1659 ἀδικώτερος,
1099 1568 1246 1652 iniquior
1265 1580 1312 1633 cst
1328 1568 1390 1654 qui

288 1690 322 1734 ec
336 1669 508 1733 ulcmcitur
523 1690 557 1733 eo
574 1669 632 1754 qui
641 1671 741 1754 prior
756 1669 875 1734 nocuit.
918 1666 1088 1743 Musonius,
1105 1669 1153 1742 id,
1170 1665 1224 1742 ait,
1242 1669 1390 1753 copitare

223 1768 229 1781 '
288 1769 441 1856 quomode
458 1768 532 1853 quie
548 1769 728 1833 remordeat
750 1769 953 1843 mordentem,
972 1778 1002 1831 et
1024 1768 1150 1833 nocenti
1169 1779 1290 1843 noceat,
1299 1769 1390 1852 serm

288 1879 344 1942 cet,
361 1888 425 1932 ocu
441 1868 588 1933 heminis.
640 1866 737 1953 Apud
760 1866 964 1932 Plutarchum
980 1864 1064 1931 Dion
1085 1865 1113 1931 is
1133 1865 1187 1952 qui
1206 1865 1390 1954 sapientiam

286 1964 483 2031 Platonicam
495 1964 626 2030 inactus
640 1965 746 2031 civiles
762 1964 936 2032 convertit:
961 1962 1004 2032 τό
1021 1960 1311 2056 ἀντιτιμωρεῖσθαι
1326 1968 1391 2034 τοῦ

289 2056 476 2157 προαδικεῖν
502 2060 586 2153 νόμῳ
611 2056 811 2159 δικαιότερον
833 2061 981 2156 ὠρῖσθαι,
1007 2062 1107 2157 φύσει
1128 2061 1298 2154 ’γινόμενον
1320 2060 1389 2132 tisri

287 2169 358 2247 μιᾶς
389 2161 567 2237 ἀσθενείας·
597 2167 751 2231 ultionem
784 2166 863 2250 lepis
896 2166 1037 2229 arbitrio
1063 2165 1231 2249 justiorem
1267 2166 1392 2231 ceum

286 2265 389 2330 illota
405 2265 554 2349 injuria:
572 2276 609 2330 at
624 2267 656 2331 ei
672 2277 799 2331 notura
810 2275 968 2350 spectetur
985 2286 1023 2329 cu
1036 2266 1142 2330 cedem
1160 2265 1266 2330 auimi
1279 2264 1392 2330 morbo

288 2385 392 2431 uaecs.

365 2464 386 2527 3
421 2464 546 2550 Pugnat
569 2483 644 2550 ergo
662 2483 731 2526 oum
754 2469 868 2528 natura
888 2460 1021 2527 hominis
1037 2460 1071 2525 in
1093 2461 1249 2527 hominem
1266 2461 1391 2549 agentis

288 2560 389 2626 alieno
403 2560 518 2637 dolore,
537 2582 599 2647 que
612 2561 699 2626 dolor
714 2569 771 2636 eet,
789 2560 907 2627 satiari.
941 2561 1046 2646 Atque
1061 2560 1139 2626 adeo
1152 2582 1213 2647 quo
1230 2560 1391 2626 hominum

289 2659 418 2744 quisque
436 2658 536 2724 minus
552 2659 635 2725 valet
649 2659 778 2724 rationis
793 2682 862 2735 usu,
880 2682 917 2725 eo
941 2661 982 2726 ad
999 2659 1166 2727 uindictam
1188 2670 1235 2727 est
1251 2659 1390 2748 pronior.

289 2757 452 2823 luvenalis
469 2760 555 2842 (Sat.
574 2779 646 2824 xur.
665 2760 741 2835 180,
758 2767 790 2824 et
805 2763 923 2846 seqq.):

462 2877 501 2932 ht
514 2878 638 2933 vindicta
652 2877 758 2933 bonum
772 2879 831 2934 rita
840 2879 992 2950 jucundius
1006 2879 1075 2952 ipsa

461 2961 591 3036 1’Nempe
605 2964 659 3019 hoo
673 2965 789 3028 indocti,
805 2982 923 3036 quorum
938 2966 1092 3038 praecordia
1106 2967 1189 3022 nullis

334 3096 346 3122 ⁰
361 3087 410 3134 Sed
421 3092 444 3134 ct
456 3086 610 3148 Philosophi]
626 3088 697 3134 Plato
711 3088 813 3149 Gcrqiu.
865 3088 992 3136 Terentius
1003 3087 1101 3147 Hecyra
1111 3088 1164 3149 (111.
1173 3089 1189 3136 l.
1199 3088 1256 3150 30):

290 3162 353 3210 Vide
363 3164 432 3209 deeo
442 3163 629 3221 Theodoretum,
639 3163 701 3209 libro
712 3175 759 3210 xx.
774 3177 817 3209 on·
910 3196 972 3236 pum
987 3196 1041 3235 pm,
1051 3206 1093 3235 w
1109 3207 1172 3244 qm
1183 3206 1221 3246 pm
1233 3195 1310 3236 Mu.
1325 3196 1392 3236 nom

288 3238 396 3285 nilonis.
956 3259 996 3299 pm
1006 3262 1085 3307 munt

336 3322 349 3357 ν
361 3313 451 3375 Nempe
460 3315 504 3361 hoc
514 3311 612 3373 indocta]
629 3314 719 3360 Seneca
729 3313 758 3358 ds
770 3313 816 3359 Ira
910 3320 1056 3370 Quapropter?
1071 3322 1120 3370 quta
1131 3322 1186 3361 enim
1198 3322 1234 3370 qul
1245 3331 1279 3361 eos
1290 3320 1394 3371 noberunt

288 3390 308 3437 l.
326 3392 364 3438 13.
394 3390 427 3437 As
445 3391 487 3452 qui
512 3389 689 3437 iracundissimi
713 3388 816 3447 irffnates
955 3384 1042 3431 mimus
1055 3384 1160 3422 murreum
1172 3385 1251 3431 gerunt

289 3479 398 3524 mmm
404 3471 426 3510 d
433 3479 493 3524 W,
502 3470 563 3522 mm,
578 3469 601 3511 d
611 3462 741 3509 fumidum
751 3474 815 3506 mm
909 3445 986 3484 Itidem
995 3446 1090 3485 mulieres
1097 3448 1147 3486 sunt
1157 3446 1226 3492 tenue,
1239 3447 1263 3483 ut
1275 3443 1339 3492 pueri,
1352 3443 1394 3486 levi

289 3545 379 3584 sutura
387 3539 509 3597 puerulum
518 3542 560 3583 est.
938 3508 1060 3596 ,mm

333 3603 812 3671 mmmmmdqmsm]
863 3583 1005 3631 Ammianus
1030 3585 1185 3633 Marcellinus
1215 3587 1277 3633 libro
1301 3599 1391 3635 τινα.

289 3791 371 3845 herm
383 3788 502 3844 another
517 3807 592 3852 man,
611 3793 711 3859 except
729 3789 753 3842 it
772 3786 846 3841 hove
860 3803 938 3843 some
956 3790 1029 3859 good
1045 3806 1175 3861 purpose.
1213 3791 1270 3843 But
1289 3793 1319 3846 in
1342 3795 1395 3851 the

290 3876 358 3949 pain
376 3875 410 3930 of
424 3892 461 3930 an
472 3892 582 3946 enemy,
596 3890 627 3930 eo
638 3873 761 3945 nekedly
774 3873 920 3943 regarded,
936 3875 1017 3931 there
1029 3877 1052 3930 ie
1067 3893 1105 3930 no
1119 3874 1202 3947 good,
1214 3875 1267 3931 hut
1286 3896 1303 3932 a
1320 3879 1396 3937 false

292 3963 348 4017 and
367 3963 521 4034 imaginary
533 3978 604 4026 one3
622 3977 652 4015 as
667 3961 697 4014 in
713 3960 887 4032 superfluous
908 3962 1007 4028 riches,
1024 3963 1081 4017 end
1093 3980 1178 4034 many
1195 3962 1278 4018 other
1296 3966 1395 4037 things

292 4051 326 4104 of
339 4049 402 4103 that
415 4049 492 4102 kind.

344 4142 362 4189 2
388 4129 453 4188 And
465 4135 494 4187 in
506 4132 562 4187 this
576 4147 657 4187 senso
674 4149 795 4204 revenge
811 4133 835 4187 is
850 4133 1033 4199 condemned,
1048 4142 1099 4190 not
1114 4136 1181 4207 only
1197 4134 1236 4207 by
1250 4135 1395 4194 Christian

292 4223 414 4284 doctore,
434 4219 485 4273 but
506 4220 565 4272 also
586 4218 623 4290 by
643 4219 768 4273 heuthon
789 4218 991 4291 philosophare.
1043 4223 1081 4275 So
1109 4222 1226 4283 Seneca,
1251 4222 1392 4278 Maximus

291 4308 403 4379 Tyrios,
418 4305 573 4359 Musonius.
610 4305 644 4358 Iu
656 4304 799 4369 Plutarch,
812 4306 877 4370 Dio,
888 4305 950 4360 who
965 4307 1114 4361 convertod
1128 4308 1177 4362 the
1189 4308 1318 4361 Platonic
1330 4309 1393 4361 wis-

292 4393 359 4447 dom
373 4393 434 4446 into
446 4397 513 4454 acts,
528 4408 590 4461 says
602 4391 664 4445 thet
676 4407 834 4461 vengeanoe
849 4392 983 4462 proceeds
997 4393 1072 4447 from
1087 4392 1136 4448 the
1151 4410 1228 4448 same
1242 4393 1350 4448 diseaee
1362 4394 1398 4450 of

291 4477 342 4532 the
353 4477 415 4532 soul
430 4493 460 4531 ae
475 4477 609 4547 injurious
621 4479 789 4548 aggression.
835 4474 925 4545 [See]
