<?xml version="1.0" encoding="UTF-8"?>
<!DOCTYPE html PUBLIC "-//W3C//DTD XHTML 1.0 Transitional//EN"
    "http://www.w3.org/TR/xhtml1/DTD/xhtml1-transitional.dtd">
<html xmlns="http://www.w3.org/1999/xhtml" xml:lang="en" lang="en">
 <head>
  <title>
</title>
<meta http-equiv="Content-Type" content="text/html;charset=utf-8" />
  <meta name='ocr-system' content='tesseract 3.04.00' />
  <meta name='ocr-capabilities' content='ocr_page ocr_carea ocr_par ocr_line ocrx_word'/>
</head>
<body>
  <div class='ocr_page' id='page_1' title='image "./hugonisgrotiide00whewgoog_0135.png"; bbox 0 0 3000 5062; ppageno 0'>
   <div class='ocr_carea' id='block_1_1' title="bbox 138 325 1239 394">
    <p class='ocr_par' dir='ltr' id='par_1_1' title="bbox 138 325 1239 394">
     <span class='ocr_line' id='line_1_1' title="bbox 138 325 1239 394; baseline 0.005 -11"><span class='ocrx_word' id='word_1_1' title='bbox 138 325 299 394; x_wconf 77' lang='lat' dir='ltr'>Gar.XV.]</span> <span class='ocrx_word' id='word_1_2' title='bbox 387 328 438 382; x_wconf 75' lang='lat' dir='ltr'>Du</span> <span class='ocrx_word' id='word_1_3' title='bbox 462 330 679 385; x_wconf 84' lang='lat' dir='ltr'>FEDERIBUS</span> <span class='ocrx_word' id='word_1_4' title='bbox 702 330 750 384; x_wconf 80' lang='lat' dir='ltr'>AC</span> <span class='ocrx_word' id='word_1_5' title='bbox 774 331 1065 388; x_wconf 81' lang='lat' dir='ltr'>SPONSIONIBUS.</span> <span class='ocrx_word' id='word_1_6' title='bbox 1178 327 1239 389; x_wconf 71' lang='lat'>129</span> 
     </span>
    </p>
   </div>
   <div class='ocr_carea' id='block_1_2' title="bbox 117 492 1381 3167">
    <p class='ocr_par' dir='ltr' id='par_1_2' title="bbox 133 492 1241 1376">
     <span class='ocr_line' id='line_1_2' title="bbox 138 492 1241 582; baseline 0.004 -23"><span class='ocrx_word' id='word_1_7' title='bbox 138 492 314 579; x_wconf 84' lang='lat' dir='ltr'>exemplum</span> <span class='ocrx_word' id='word_1_8' title='bbox 339 500 403 558; x_wconf 89' lang='lat' dir='ltr'>cst:</span> <span class='ocrx_word' id='word_1_9' title='bbox 430 496 552 579; x_wconf 81' lang='lat' dir='ltr'>quotics</span> <span class='ocrx_word' id='word_1_10' title='bbox 574 496 660 559; x_wconf 82' lang='lat' dir='ltr'>ieter</span> <span class='ocrx_word' id='word_1_11' title='bbox 684 517 716 560; x_wconf 87' lang='lat' dir='ltr'>sc</span> <span class='ocrx_word' id='word_1_12' title='bbox 739 497 835 561; x_wconf 83' lang='lat' dir='ltr'>duces</span> <span class='ocrx_word' id='word_1_13' title='bbox 859 497 935 561; x_wconf 84' lang='lat' dir='ltr'>belli</span> <span class='ocrx_word' id='word_1_14' title='bbox 957 499 1106 582; x_wconf 75' lang='lat' dir='ltr'>paredam</span> <span class='ocrx_word' id='word_1_15' title='bbox 1128 501 1241 581; x_wconf 85' lang='lat' dir='ltr'>pacis-</span> 
     </span>
     <span class='ocr_line' id='line_1_3' title="bbox 136 592 1240 682; baseline 0.003 -24"><span class='ocrx_word' id='word_1_16' title='bbox 136 604 276 667; x_wconf 79' lang='lat' dir='ltr'>cuntur;</span> <span class='ocrx_word' id='word_1_17' title='bbox 299 592 383 677; x_wconf 88' lang='lat' dir='ltr'>quod</span> <span class='ocrx_word' id='word_1_18' title='bbox 399 592 575 657; x_wconf 86' lang='lat' dir='ltr'>secundum.</span> <span class='ocrx_word' id='word_1_19' title='bbox 627 593 769 659; x_wconf 81' lang='lat' dir='ltr'>Publicae</span> <span class='ocrx_word' id='word_1_20' title='bbox 791 615 867 682; x_wconf 90' lang='lat' dir='ltr'>ergo</span> <span class='ocrx_word' id='word_1_21' title='bbox 885 596 1101 661; x_wconf 82' lang='lat' dir='ltr'>conventiones</span> <span class='ocrx_word' id='word_1_22' title='bbox 1117 617 1170 661; x_wconf 90' lang='lat' dir='ltr'>eas</span> <span class='ocrx_word' id='word_1_23' title='bbox 1193 597 1240 661; x_wconf 92' lang='lat' dir='ltr'>in·</span> 
     </span>
     <span class='ocr_line' id='line_1_4' title="bbox 137 690 1239 781; baseline 0.005 -24"><span class='ocrx_word' id='word_1_24' title='bbox 137 690 260 779; x_wconf 80' lang='lat' dir='ltr'>telligit,</span> <span class='ocrx_word' id='word_1_25' title='bbox 284 713 354 777; x_wconf 82' lang='lat' dir='ltr'>quae</span> <span class='ocrx_word' id='word_1_26' title='bbox 371 690 429 755; x_wconf 90' lang='lat' dir='ltr'>nisi</span> <span class='ocrx_word' id='word_1_27' title='bbox 442 690 515 776; x_wconf 89' lang='lat' dir='ltr'>jure</span> <span class='ocrx_word' id='word_1_28' title='bbox 532 690 655 778; x_wconf 90' lang='lat' dir='ltr'>imperii</span> <span class='ocrx_word' id='word_1_29' title='bbox 672 692 797 779; x_wconf 89' lang='lat' dir='ltr'>majoris</span> <span class='ocrx_word' id='word_1_30' title='bbox 819 702 875 758; x_wconf 86' lang='lat' dir='ltr'>aut</span> <span class='ocrx_word' id='word_1_31' title='bbox 891 694 1019 759; x_wconf 89' lang='lat' dir='ltr'>minoris</span> <span class='ocrx_word' id='word_1_32' title='bbox 1035 695 1102 759; x_wconf 90' lang='lat' dir='ltr'>fieri</span> <span class='ocrx_word' id='word_1_33' title='bbox 1124 717 1239 781; x_wconf 90' lang='lat' dir='ltr'>neque-</span> 
     </span>
     <span class='ocr_line' id='line_1_5' title="bbox 135 790 1237 881; baseline 0.004 -25"><span class='ocrx_word' id='word_1_34' title='bbox 135 800 203 868; x_wconf 87' lang='lat' dir='ltr'>unt,</span> <span class='ocrx_word' id='word_1_35' title='bbox 219 811 282 877; x_wconf 90' lang='lat' dir='ltr'>qua</span> <span class='ocrx_word' id='word_1_36' title='bbox 298 798 373 856; x_wconf 83' lang='lat' dir='ltr'>nota</span> <span class='ocrx_word' id='word_1_37' title='bbox 389 790 538 856; x_wconf 84' lang='lat' dir='ltr'>differunt</span> <span class='ocrx_word' id='word_1_38' title='bbox 554 813 616 855; x_wconf 92' lang='lat' dir='ltr'>non</span> <span class='ocrx_word' id='word_1_39' title='bbox 631 799 752 856; x_wconf 85' lang='lat' dir='ltr'>tantum</span> <span class='ocrx_word' id='word_1_40' title='bbox 769 814 789 857; x_wconf 90' lang='lat' dir='ltr'>a</span> <span class='ocrx_word' id='word_1_41' title='bbox 809 793 1017 858; x_wconf 86' lang='lat' dir='ltr'>contractibus</span> <span class='ocrx_word' id='word_1_42' title='bbox 1033 793 1237 881; x_wconf 86' lang='lat' dir='ltr'>privatorum,</span> 
     </span>
     <span class='ocr_line' id='line_1_6' title="bbox 135 890 1237 979; baseline 0.004 -24"><span class='ocrx_word' id='word_1_43' title='bbox 135 891 190 956; x_wconf 88' lang='lat' dir='ltr'>sod</span> <span class='ocrx_word' id='word_1_44' title='bbox 207 899 239 955; x_wconf 86' lang='lat' dir='ltr'>et</span> <span class='ocrx_word' id='word_1_45' title='bbox 255 911 276 955; x_wconf 81' lang='lat' dir='ltr'>e</span> <span class='ocrx_word' id='word_1_46' title='bbox 291 890 498 957; x_wconf 87' lang='lat' dir='ltr'>contractibus</span> <span class='ocrx_word' id='word_1_47' title='bbox 519 912 628 978; x_wconf 89' lang='lat' dir='ltr'>regum</span> <span class='ocrx_word' id='word_1_48' title='bbox 647 891 728 956; x_wconf 90' lang='lat' dir='ltr'>circa</span> <span class='ocrx_word' id='word_1_49' title='bbox 743 890 870 979; x_wconf 87' lang='lat' dir='ltr'>negotia</span> <span class='ocrx_word' id='word_1_50' title='bbox 884 891 1017 978; x_wconf 86' lang='lat' dir='ltr'>privata.</span> <span class='ocrx_word' id='word_1_51' title='bbox 1052 894 1237 978; x_wconf 81' lang='lat' dir='ltr'>Quanquam</span> 
     </span>
     <span class='ocr_line' id='line_1_7' title="bbox 135 988 1236 1077; baseline 0.003 -22"><span class='ocrx_word' id='word_1_52' title='bbox 135 1011 175 1055; x_wconf 88' lang='lat' dir='ltr'>ex</span> <span class='ocrx_word' id='word_1_53' title='bbox 192 988 322 1076; x_wconf 88' lang='lat' dir='ltr'>privatis</span> <span class='ocrx_word' id='word_1_54' title='bbox 340 1012 462 1076; x_wconf 89' lang='lat' dir='ltr'>quoque</span> <span class='ocrx_word' id='word_1_55' title='bbox 478 991 544 1057; x_wconf 89' lang='lat' dir='ltr'>istis</span> <span class='ocrx_word' id='word_1_56' title='bbox 565 989 638 1055; x_wconf 91' lang='lat' dir='ltr'>belli</span> <span class='ocrx_word' id='word_1_57' title='bbox 655 1011 747 1055; x_wconf 89' lang='lat' dir='ltr'>causa</span> <span class='ocrx_word' id='word_1_58' title='bbox 762 990 847 1055; x_wconf 88' lang='lat' dir='ltr'>nasci</span> <span class='ocrx_word' id='word_1_59' title='bbox 864 991 951 1066; x_wconf 90' lang='lat' dir='ltr'>solet,</span> <span class='ocrx_word' id='word_1_60' title='bbox 972 991 1171 1077; x_wconf 83' lang='lat' dir='ltr'>·frequentius</span> <span class='ocrx_word' id='word_1_61' title='bbox 1188 1001 1236 1058; x_wconf 76' lang='lat' dir='ltr'>ta</span> 
     </span>
     <span class='ocr_line' id='line_1_8' title="bbox 135 1089 1236 1179; baseline 0.004 -26"><span class='ocrx_word' id='word_1_62' title='bbox 135 1111 206 1155; x_wconf 88' lang='lat' dir='ltr'>men</span> <span class='ocrx_word' id='word_1_63' title='bbox 223 1111 262 1154; x_wconf 84' lang='lat' dir='ltr'>ex</span> <span class='ocrx_word' id='word_1_64' title='bbox 279 1089 420 1176; x_wconf 88' lang='lat' dir='ltr'>publicis.</span> <span class='ocrx_word' id='word_1_65' title='bbox 455 1090 532 1156; x_wconf 93' lang='lat' dir='ltr'>Ideo</span> <span class='ocrx_word' id='word_1_66' title='bbox 549 1099 713 1177; x_wconf 76' lang='lat' dir='ltr'><strong>postquam</strong></span> <span class='ocrx_word' id='word_1_67' title='bbox 726 1090 766 1155; x_wconf 91' lang='lat' dir='ltr'>de</span> <span class='ocrx_word' id='word_1_68' title='bbox 783 1090 1035 1155; x_wconf 82' lang='lat' dir='ltr'>conventionibus</span> <span class='ocrx_word' id='word_1_69' title='bbox 1047 1091 1236 1179; x_wconf 81' lang='lat' dir='ltr'>generaliter</span> 
     </span>
     <span class='ocr_line' id='line_1_9' title="bbox 133 1189 1235 1277; baseline 0.003 -24"><span class='ocrx_word' id='word_1_70' title='bbox 133 1189 258 1255; x_wconf 88' lang='lat' dir='ltr'>anobis</span> <span class='ocrx_word' id='word_1_71' title='bbox 275 1196 412 1255; x_wconf 71' lang='lat' dir='ltr'>tractata</span> <span class='ocrx_word' id='word_1_72' title='bbox 433 1198 506 1256; x_wconf 88' lang='lat' dir='ltr'>sunt</span> <span class='ocrx_word' id='word_1_73' title='bbox 523 1189 597 1255; x_wconf 89' lang='lat' dir='ltr'>satis</span> <span class='ocrx_word' id='word_1_74' title='bbox 614 1189 720 1267; x_wconf 86' lang='lat' dir='ltr'>multa,</span> <span class='ocrx_word' id='word_1_75' title='bbox 747 1190 891 1276; x_wconf 88' lang='lat' dir='ltr'>quaedam</span> <span class='ocrx_word' id='word_1_76' title='bbox 907 1190 1053 1256; x_wconf 83' lang='lat' dir='ltr'>addenda</span> <span class='ocrx_word' id='word_1_77' title='bbox 1069 1197 1142 1256; x_wconf 91' lang='lat' dir='ltr'>sunt</span> <span class='ocrx_word' id='word_1_78' title='bbox 1165 1212 1235 1277; x_wconf 83' lang='lat' dir='ltr'>quse</span> 
     </span>
     <span class='ocr_line' id='line_1_10' title="bbox 133 1287 889 1376; baseline 0.001 -23"><span class='ocrx_word' id='word_1_79' title='bbox 133 1287 175 1353; x_wconf 85' lang='lat' dir='ltr'>ad</span> <span class='ocrx_word' id='word_1_80' title='bbox 191 1287 440 1354; x_wconf 81' lang='lat' dir='ltr'>excellentiorem</span> <span class='ocrx_word' id='word_1_81' title='bbox 457 1291 537 1355; x_wconf 86' lang='lat' dir='ltr'>hanc</span> <span class='ocrx_word' id='word_1_82' title='bbox 554 1288 685 1375; x_wconf 90' lang='lat' dir='ltr'>speciem</span> <span class='ocrx_word' id='word_1_83' title='bbox 703 1289 889 1376; x_wconf 86' lang='lat' dir='ltr'>pertineant.</span> 
     </span>
    </p>

    <p class='ocr_par' dir='ltr' id='par_1_3' title="bbox 131 1384 1234 1575">
     <span class='ocr_line' id='line_1_11' title="bbox 209 1384 1234 1476; baseline 0.003 -24"><span class='ocrx_word' id='word_1_84' title='bbox 209 1389 259 1453; x_wconf 78' lang='grc' dir='ltr'>ΙΙ.</span> <span class='ocrx_word' id='word_1_85' title='bbox 300 1388 443 1454; x_wconf 82' lang='lat' dir='ltr'>Publicae</span> <span class='ocrx_word' id='word_1_86' title='bbox 457 1390 515 1455; x_wconf 88' lang='lat' dir='ltr'>has</span> <span class='ocrx_word' id='word_1_87' title='bbox 537 1388 763 1467; x_wconf 76' lang='lat' dir='ltr'>conventiones,</span> <span class='ocrx_word' id='word_1_88' title='bbox 788 1410 865 1476; x_wconf 89' lang='lat' dir='ltr'>quas</span> <span class='ocrx_word' id='word_1_89' title='bbox 881 1387 983 1455; x_wconf 86' lang='lat' dir='ltr'>Graeci</span> <span class='ocrx_word' id='word_1_90' title='bbox 1000 1384 1160 1471; x_wconf 74' lang='grc' dir='ltr'>συνθήκας</span> <span class='ocrx_word' id='word_1_91' title='bbox 1180 1412 1234 1457; x_wconf 86' lang='lat' dir='ltr'>vo·</span> 
     </span>
     <span class='ocr_line' id='line_1_12' title="bbox 131 1486 1214 1575; baseline 0.002 -23"><span class='ocrx_word' id='word_1_92' title='bbox 131 1495 214 1564; x_wconf 88' lang='lat' dir='ltr'>cant,</span> <span class='ocrx_word' id='word_1_93' title='bbox 232 1486 372 1553; x_wconf 89' lang='lat' dir='ltr'>dividere</span> <span class='ocrx_word' id='word_1_94' title='bbox 388 1510 549 1575; x_wconf 88' lang='lat' dir='ltr'>possumus</span> <span class='ocrx_word' id='word_1_95' title='bbox 565 1487 597 1553; x_wconf 93' lang='lat' dir='ltr'>in</span> <span class='ocrx_word' id='word_1_96' title='bbox 613 1488 730 1565; x_wconf 81' lang='lat' dir='ltr'>federa,</span> <span class='ocrx_word' id='word_1_97' title='bbox 748 1488 935 1575; x_wconf 82' lang='lat' dir='ltr'>sponsiones,</span> <span class='ocrx_word' id='word_1_98' title='bbox 954 1489 1113 1575; x_wconf 83' lang='lat' dir='ltr'>pactiones</span> <span class='ocrx_word' id='word_1_99' title='bbox 1129 1487 1214 1555; x_wconf 84' lang='lat' dir='ltr'>alias.</span> 
     </span>
    </p>

    <p class='ocr_par' dir='ltr' id='par_1_4' title="bbox 117 1586 1381 3167">
     <span class='ocr_line' id='line_1_13' title="bbox 202 1586 1233 1676; baseline 0.005 -26"><span class='ocrx_word' id='word_1_100' title='bbox 202 1586 267 1652; x_wconf 92' lang='lat' dir='ltr'>III.</span> <span class='ocrx_word' id='word_1_101' title='bbox 307 1589 324 1650; x_wconf 93' lang='lat'>1</span> <span class='ocrx_word' id='word_1_102' title='bbox 356 1589 406 1653; x_wconf 89' lang='lat' dir='ltr'>De</span> <span class='ocrx_word' id='word_1_103' title='bbox 422 1588 563 1653; x_wconf 84' lang='lat' dir='ltr'>foderum</span> <span class='ocrx_word' id='word_1_104' title='bbox 580 1594 613 1653; x_wconf 89' lang='lat' dir='ltr'>et</span> <span class='ocrx_word' id='word_1_105' title='bbox 629 1587 826 1674; x_wconf 87' lang='lat' dir='ltr'>sponsionum</span> <span class='ocrx_word' id='word_1_106' title='bbox 839 1587 1015 1654; x_wconf 91' lang='lat' dir='ltr'>discrimine</span> <span class='ocrx_word' id='word_1_107' title='bbox 1033 1588 1113 1653; x_wconf 89' lang='lat' dir='ltr'>adiri</span> <span class='ocrx_word' id='word_1_108' title='bbox 1130 1597 1233 1676; x_wconf 84' lang='lat' dir='ltr'>potest</span> 
     </span>
     <span class='ocr_line' id='line_1_14' title="bbox 132 1685 1320 1773; baseline 0.002 -21"><span class='ocrx_word' id='word_1_109' title='bbox 132 1685 239 1752; x_wconf 89' lang='lat' dir='ltr'>Livius</span> <span class='ocrx_word' id='word_1_110' title='bbox 255 1685 335 1752; x_wconf 91' lang='lat' dir='ltr'>libro</span> <span class='ocrx_word' id='word_1_111' title='bbox 352 1709 400 1753; x_wconf 86' lang='lat' dir='ltr'>vx.</span> <span class='ocrx_word' id='word_1_112' title='bbox 413 1686 466 1753; x_wconf 93' lang='lat' dir='ltr'>ubi</span> <span class='ocrx_word' id='word_1_113' title='bbox 482 1696 567 1753; x_wconf 89' lang='lat' dir='ltr'>recte</span> <span class='ocrx_word' id='word_1_114' title='bbox 584 1708 640 1752; x_wconf 93' lang='lat' dir='ltr'>nos</span> <span class='ocrx_word' id='word_1_115' title='bbox 657 1687 747 1753; x_wconf 86' lang='lat' dir='ltr'>docet</span> <span class='ocrx_word' id='word_1_116' title='bbox 761 1687 869 1752; x_wconf 83' lang='lat' dir='ltr'>federa</span> <span class='ocrx_word' id='word_1_117' title='bbox 883 1709 951 1752; x_wconf 90' lang='lat' dir='ltr'>esse</span> <span class='ocrx_word' id='word_1_118' title='bbox 967 1709 1037 1773; x_wconf 81' lang='lat' dir='ltr'>quae</span> <span class='ocrx_word' id='word_1_119' title='bbox 1054 1687 1132 1752; x_wconf 86' lang='lat' dir='ltr'>fiunt</span> <span class='ocrx_word' id='word_1_120' title='bbox 1142 1687 1231 1773; x_wconf 90' lang='lat' dir='ltr'>jussu</span> <span class='ocrx_word' id='word_1_121' title='bbox 1245 1702 1320 1754; x_wconf 67' lang='lat' dir='ltr'>cese</span> 
     </span>
     <span class='ocr_line' id='line_1_15' title="bbox 130 1784 1232 1874; baseline 0 -23"><span class='ocrx_word' id='word_1_122' title='bbox 130 1808 259 1851; x_wconf 80' lang='lat' dir='ltr'>summas</span> <span class='ocrx_word' id='word_1_123' title='bbox 283 1787 455 1874; x_wconf 89' lang='lat' dir='ltr'>potestatis,</span> <span class='ocrx_word' id='word_1_124' title='bbox 479 1795 513 1852; x_wconf 87' lang='lat' dir='ltr'>et</span> <span class='ocrx_word' id='word_1_125' title='bbox 534 1786 698 1872; x_wconf 89' lang='lat' dir='ltr'>inquibus</span> <span class='ocrx_word' id='word_1_126' title='bbox 720 1785 786 1872; x_wconf 90' lang='lat' dir='ltr'>ipse</span> <span class='ocrx_word' id='word_1_127' title='bbox 811 1786 943 1872; x_wconf 88' lang='lat' dir='ltr'>populus</span> <span class='ocrx_word' id='word_1_128' title='bbox 965 1786 1022 1851; x_wconf 84' lang='lat' dir='ltr'>irae</span> <span class='ocrx_word' id='word_1_129' title='bbox 1042 1784 1156 1852; x_wconf 81' lang='lat' dir='ltr'>divinae</span> <span class='ocrx_word' id='word_1_130' title='bbox 1177 1787 1232 1851; x_wconf 91' lang='lat' dir='ltr'>ob-</span> 
     </span>
     <span class='ocr_line' id='line_1_16' title="bbox 130 1884 1231 1974; baseline 0 -24"><span class='ocrx_word' id='word_1_131' title='bbox 130 1885 295 1974; x_wconf 83' lang='lat' dir='ltr'>stringitur</span> <span class='ocrx_word' id='word_1_132' title='bbox 320 1885 347 1951; x_wconf 88' lang='lat' dir='ltr'>si</span> <span class='ocrx_word' id='word_1_133' title='bbox 372 1886 472 1951; x_wconf 92' lang='lat' dir='ltr'>minus</span> <span class='ocrx_word' id='word_1_134' title='bbox 492 1894 593 1952; x_wconf 88' lang='lat' dir='ltr'>stetur</span> <span class='ocrx_word' id='word_1_135' title='bbox 618 1884 717 1950; x_wconf 87' lang='lat' dir='ltr'>dietis.</span> <span class='ocrx_word' id='word_1_136' title='bbox 760 1886 810 1950; x_wconf 85' lang='lat' dir='ltr'>Ea</span> <span class='ocrx_word' id='word_1_137' title='bbox 833 1885 918 1970; x_wconf 91' lang='lat' dir='ltr'>apud</span> <span class='ocrx_word' id='word_1_138' title='bbox 940 1886 1097 1950; x_wconf 86' lang='lat' dir='ltr'>Romanos</span> <span class='ocrx_word' id='word_1_139' title='bbox 1119 1886 1231 1973; x_wconf 84' lang='lat' dir='ltr'>peragi</span> 
     </span>
     <span class='ocr_line' id='line_1_17' title="bbox 129 1983 1229 2071; baseline 0.001 -22"><span class='ocrx_word' id='word_1_140' title='bbox 129 2004 188 2071; x_wconf 87' lang='lat' dir='ltr'>per</span> <span class='ocrx_word' id='word_1_141' title='bbox 204 1984 328 2051; x_wconf 81' lang='lat' dir='ltr'>feciales</span> <span class='ocrx_word' id='word_1_142' title='bbox 345 1984 485 2052; x_wconf 88' lang='lat' dir='ltr'>solebant</span> <span class='ocrx_word' id='word_1_143' title='bbox 500 1985 606 2051; x_wconf 85' lang='lat' dir='ltr'>addito</span> <span class='ocrx_word' id='word_1_144' title='bbox 624 1993 715 2071; x_wconf 90' lang='lat' dir='ltr'>patre</span> <span class='ocrx_word' id='word_1_145' title='bbox 732 1992 866 2070; x_wconf 89' lang='lat' dir='ltr'>patrato.</span> <span class='ocrx_word' id='word_1_146' title='bbox 903 1983 1033 2069; x_wconf 84' lang='lat' dir='ltr'>Sponsio</span> <span class='ocrx_word' id='word_1_147' title='bbox 1050 1992 1155 2049; x_wconf 85' lang='lat' dir='ltr'>autem</span> <span class='ocrx_word' id='word_1_148' title='bbox 1172 1995 1229 2060; x_wconf 88' lang='lat' dir='ltr'>est,</span> 
     </span>
     <span class='ocr_line' id='line_1_18' title="bbox 130 2081 1231 2172; baseline 0 -23"><span class='ocrx_word' id='word_1_149' title='bbox 130 2083 183 2149; x_wconf 91' lang='lat' dir='ltr'>ubi</span> <span class='ocrx_word' id='word_1_150' title='bbox 204 2085 237 2150; x_wconf 91' lang='lat' dir='ltr'>hi</span> <span class='ocrx_word' id='word_1_151' title='bbox 254 2083 308 2171; x_wconf 91' lang='lat' dir='ltr'>qui</span> <span class='ocrx_word' id='word_1_152' title='bbox 328 2106 348 2150; x_wconf 87' lang='lat' dir='ltr'>a</span> <span class='ocrx_word' id='word_1_153' title='bbox 365 2093 519 2172; x_wconf 73' lang='lat' dir='ltr'>potestate</span> <span class='ocrx_word' id='word_1_154' title='bbox 539 2104 658 2150; x_wconf 86' lang='lat' dir='ltr'>summa</span> <span class='ocrx_word' id='word_1_155' title='bbox 678 2083 857 2148; x_wconf 85' lang='lat' dir='ltr'>mandatum</span> <span class='ocrx_word' id='word_1_156' title='bbox 880 2081 946 2167; x_wconf 89' lang='lat' dir='ltr'>ejus</span> <span class='ocrx_word' id='word_1_157' title='bbox 966 2081 1013 2147; x_wconf 89' lang='lat' dir='ltr'>rei</span> <span class='ocrx_word' id='word_1_158' title='bbox 1030 2105 1092 2146; x_wconf 93' lang='lat' dir='ltr'>non</span> <span class='ocrx_word' id='word_1_159' title='bbox 1111 2083 1231 2149; x_wconf 89' lang='lat' dir='ltr'>habent</span> 
     </span>
     <span class='ocr_line' id='line_1_19' title="bbox 129 2181 1229 2271; baseline -0.001 -23"><span class='ocrx_word' id='word_1_160' title='bbox 129 2182 244 2270; x_wconf 88' lang='lat' dir='ltr'>aliquid</span> <span class='ocrx_word' id='word_1_161' title='bbox 261 2184 456 2271; x_wconf 87' lang='lat' dir='ltr'>promittunt,</span> <span class='ocrx_word' id='word_1_162' title='bbox 480 2184 563 2271; x_wconf 90' lang='lat' dir='ltr'>quod</span> <span class='ocrx_word' id='word_1_163' title='bbox 586 2184 669 2248; x_wconf 88' lang='lat' dir='ltr'>illam</span> <span class='ocrx_word' id='word_1_164' title='bbox 688 2181 814 2269; x_wconf 87' lang='lat' dir='ltr'>proprie</span> <span class='ocrx_word' id='word_1_165' title='bbox 836 2181 947 2269; x_wconf 87' lang='lat' dir='ltr'>tangit.</span> <span class='ocrx_word' id='word_1_166' title='bbox 995 2182 1088 2268; x_wconf 84' lang='lat' dir='ltr'>Apud</span> <span class='ocrx_word' id='word_1_167' title='bbox 1112 2182 1229 2248; x_wconf 89' lang='lat' dir='ltr'>Sallus·</span> 
     </span>
     <span class='ocr_line' id='line_1_20' title="bbox 129 2282 1342 2388; baseline 0.001 -40"><span class='ocrx_word' id='word_1_168' title='bbox 129 2282 207 2348; x_wconf 92' lang='lat' dir='ltr'>tium</span> <span class='ocrx_word' id='word_1_169' title='bbox 234 2283 384 2373; x_wconf 87' lang='lat' dir='ltr'>legimus:</span> <span class='ocrx_word' id='word_1_170' title='bbox 418 2286 562 2350; x_wconf 81' lang='lat' dir='ltr'>Senatus</span> <span class='ocrx_word' id='word_1_171' title='bbox 589 2287 641 2349; x_wconf 85' lang='lat' dir='ltr'>ati</span> <span class='ocrx_word' id='word_1_172' title='bbox 670 2305 738 2367; x_wconf 88' lang='lat' dir='ltr'>par</span> <span class='ocrx_word' id='word_1_173' title='bbox 763 2293 835 2347; x_wconf 85' lang='lat' dir='ltr'>erat</span> <span class='ocrx_word' id='word_1_174' title='bbox 869 2283 1017 2357; x_wconf 84' lang='lat' dir='ltr'>decrevit,</span> <span class='ocrx_word' id='word_1_175' title='bbox 1046 2304 1103 2347; x_wconf 82' lang='lat' dir='ltr'>suo</span> <span class='ocrx_word' id='word_1_176' title='bbox 1131 2295 1228 2369; x_wconf 85' lang='lat' dir='ltr'>atquc</span> <span class='ocrx_word' id='word_1_177' title='bbox 1238 2294 1342 2388; x_wconf 51' lang='lat' dir='ltr'>gm-</span> 
     </span>
     <span class='ocr_line' id='line_1_21' title="bbox 123 2380 1229 2469; baseline -0.002 -20"><span class='ocrx_word' id='word_1_178' title='bbox 123 2386 242 2469; x_wconf 79' lang='lat' dir='ltr'>populi</span> <span class='ocrx_word' id='word_1_179' title='bbox 275 2385 401 2468; x_wconf 81' lang='lat' dir='ltr'>injussu</span> <span class='ocrx_word' id='word_1_180' title='bbox 430 2386 556 2449; x_wconf 79' lang='lat' dir='ltr'>oollam</span> <span class='ocrx_word' id='word_1_181' title='bbox 583 2385 728 2469; x_wconf 82' lang='lat' dir='ltr'>potuisse</span> <span class='ocrx_word' id='word_1_182' title='bbox 752 2383 855 2466; x_wconf 80' lang='lat' dir='ltr'>sedus</span> <span class='ocrx_word' id='word_1_183' title='bbox 876 2383 961 2464; x_wconf 78' lang='lat' dir='ltr'>ficri.</span> <span class='ocrx_word' id='word_1_184' title='bbox 1014 2380 1229 2468; x_wconf 87' lang='lat' dir='ltr'>Hieronymus</span> 
     </span>
     <span class='ocr_line' id='line_1_22' title="bbox 130 2478 1381 2569; baseline -0.002 -21"><span class='ocrx_word' id='word_1_185' title='bbox 130 2482 355 2569; x_wconf 78' lang='lat' dir='ltr'>Syracusarum</span> <span class='ocrx_word' id='word_1_186' title='bbox 378 2505 438 2548; x_wconf 89' lang='lat' dir='ltr'>rex</span> <span class='ocrx_word' id='word_1_187' title='bbox 456 2505 525 2548; x_wconf 89' lang='lat' dir='ltr'>cum</span> <span class='ocrx_word' id='word_1_188' title='bbox 548 2481 710 2557; x_wconf 84' lang='lat' dir='ltr'>Annibale,</span> <span class='ocrx_word' id='word_1_189' title='bbox 734 2490 769 2546; x_wconf 91' lang='lat' dir='ltr'>ut</span> <span class='ocrx_word' id='word_1_190' title='bbox 785 2487 894 2546; x_wconf 86' lang='lat' dir='ltr'>narrat</span> <span class='ocrx_word' id='word_1_191' title='bbox 911 2478 1026 2556; x_wconf 87' lang='lat' dir='ltr'>Livius,</span> <span class='ocrx_word' id='word_1_192' title='bbox 1050 2479 1228 2546; x_wconf 86' lang='lat' dir='ltr'>societatem</span> <span class='ocrx_word' id='word_1_193' title='bbox 1241 2492 1381 2534; x_wconf 59' lang='lat' dir='ltr'>Ulmus</span> 
     </span>
     <span class='ocr_line' id='line_1_23' title="bbox 127 2579 1229 2671; baseline -0.002 -23"><span class='ocrx_word' id='word_1_194' title='bbox 127 2580 264 2649; x_wconf 84' lang='lat' dir='ltr'>fecerat:</span> <span class='ocrx_word' id='word_1_195' title='bbox 281 2593 315 2649; x_wconf 83' lang='lat' dir='ltr'>at</span> <span class='ocrx_word' id='word_1_196' title='bbox 329 2591 438 2670; x_wconf 88' lang='lat' dir='ltr'>postea</span> <span class='ocrx_word' id='word_1_197' title='bbox 455 2580 679 2671; x_wconf 82' lang='lat' dir='ltr'>Carthaginem</span> <span class='ocrx_word' id='word_1_198' title='bbox 694 2580 777 2646; x_wconf 85' lang='lat' dir='ltr'>misit</span> <span class='ocrx_word' id='word_1_199' title='bbox 792 2580 834 2647; x_wconf 86' lang='lat' dir='ltr'>ad</span> <span class='ocrx_word' id='word_1_200' title='bbox 856 2580 945 2645; x_wconf 84' lang='lat' dir='ltr'>fedus</span> <span class='ocrx_word' id='word_1_201' title='bbox 962 2601 1001 2644; x_wconf 85' lang='lat' dir='ltr'>ex</span> <span class='ocrx_word' id='word_1_202' title='bbox 1018 2579 1166 2646; x_wconf 89' lang='lat' dir='ltr'>societate</span> <span class='ocrx_word' id='word_1_203' title='bbox 1182 2580 1229 2646; x_wconf 87' lang='lat' dir='ltr'>fa·</span> 
     </span>
     <span class='ocr_line' id='line_1_24' title="bbox 127 2680 1229 2769; baseline 0.001 -24"><span class='ocrx_word' id='word_1_204' title='bbox 127 2680 278 2747; x_wconf 89' lang='lat' dir='ltr'>ciendum.</span> <span class='ocrx_word' id='word_1_205' title='bbox 308 2684 414 2760; x_wconf 81' lang='lat' dir='ltr'>Quare</span> <span class='ocrx_word' id='word_1_206' title='bbox 429 2682 531 2769; x_wconf 73' lang='lat' dir='ltr'>⁸quod</span> <span class='ocrx_word' id='word_1_207' title='bbox 547 2681 632 2768; x_wconf 90' lang='lat' dir='ltr'>apud</span> <span class='ocrx_word' id='word_1_208' title='bbox 650 2680 799 2745; x_wconf 86' lang='lat' dir='ltr'>Senecam</span> <span class='ocrx_word' id='word_1_209' title='bbox 816 2688 938 2767; x_wconf 90' lang='lat' dir='ltr'>patrem</span> <span class='ocrx_word' id='word_1_210' title='bbox 956 2687 1023 2745; x_wconf 91' lang='lat' dir='ltr'>est:</span> <span class='ocrx_word' id='word_1_211' title='bbox 1043 2683 1229 2765; x_wconf 83' lang='lat' dir='ltr'>Imperator</span> 
     </span>
     <span class='ocr_line' id='line_1_25' title="bbox 117 2781 1228 2867; baseline 0 -21"><span class='ocrx_word' id='word_1_212' title='bbox 117 2783 221 2865; x_wconf 81' lang='lat' dir='ltr'>sedas</span> <span class='ocrx_word' id='word_1_213' title='bbox 229 2785 403 2867; x_wconf 79' lang='lat' dir='ltr'>percussit,</span> <span class='ocrx_word' id='word_1_214' title='bbox 421 2785 550 2847; x_wconf 82' lang='lat' dir='ltr'>uidetur</span> <span class='ocrx_word' id='word_1_215' title='bbox 566 2781 710 2867; x_wconf 83' lang='lat' dir='ltr'>popalus</span> <span class='ocrx_word' id='word_1_216' title='bbox 721 2783 920 2866; x_wconf 68' lang='lat' dir='ltr'>permississe</span> <span class='ocrx_word' id='word_1_217' title='bbox 935 2783 1113 2855; x_wconf 81' lang='lat' dir='ltr'>Romanus,</span> <span class='ocrx_word' id='word_1_218' title='bbox 1136 2793 1167 2846; x_wconf 89' lang='lat' dir='ltr'>et</span> <span class='ocrx_word' id='word_1_219' title='bbox 1173 2783 1228 2866; x_wconf 87' lang='lat' dir='ltr'>fe-</span> 
     </span>
     <span class='ocr_line' id='line_1_26' title="bbox 127 2879 1228 2967; baseline -0.001 -22"><span class='ocrx_word' id='word_1_220' title='bbox 127 2881 202 2947; x_wconf 84' lang='lat' dir='ltr'>dere</span> <span class='ocrx_word' id='word_1_221' title='bbox 218 2884 420 2947; x_wconf 82' lang='lat' dir='ltr'>continetur.-</span> <span class='ocrx_word' id='word_1_222' title='bbox 436 2882 477 2946; x_wconf 88' lang='lat' dir='ltr'>ad</span> <span class='ocrx_word' id='word_1_223' title='bbox 494 2880 637 2967; x_wconf 88' lang='lat' dir='ltr'>antiquos</span> <span class='ocrx_word' id='word_1_224' title='bbox 652 2901 704 2945; x_wconf 88' lang='lat' dir='ltr'>eos</span> <span class='ocrx_word' id='word_1_225' title='bbox 721 2879 866 2965; x_wconf 88' lang='lat' dir='ltr'>pertinet,</span> <span class='ocrx_word' id='word_1_226' title='bbox 883 2879 936 2965; x_wconf 92' lang='lat' dir='ltr'>qui</span> <span class='ocrx_word' id='word_1_227' title='bbox 953 2879 1085 2966; x_wconf 85' lang='lat' dir='ltr'>speciale</span> <span class='ocrx_word' id='word_1_228' title='bbox 1098 2879 1164 2965; x_wconf 85' lang='lat' dir='ltr'>ejus</span> <span class='ocrx_word' id='word_1_229' title='bbox 1180 2880 1228 2945; x_wconf 89' lang='lat' dir='ltr'>rei</span> 
     </span>
     <span class='ocr_line' id='line_1_27' title="bbox 126 2971 1225 3067; baseline 0.003 -26"><span class='ocrx_word' id='word_1_230' title='bbox 126 2980 307 3045; x_wconf 84' lang='lat' dir='ltr'>mandatum</span> <span class='ocrx_word' id='word_1_231' title='bbox 322 2989 516 3067; x_wconf 89' lang='lat' dir='ltr'>acceperant.</span> <span class='ocrx_word' id='word_1_232' title='bbox 554 2982 598 3044; x_wconf 84' lang='lat' dir='ltr'>At</span> <span class='ocrx_word' id='word_1_233' title='bbox 613 2971 666 3043; x_wconf 87' lang='lat' dir='ltr'>bin</span> <span class='ocrx_word' id='word_1_234' title='bbox 680 2978 796 3064; x_wconf 88' lang='lat' dir='ltr'>regnis,</span> <span class='ocrx_word' id='word_1_235' title='bbox 813 2999 924 3065; x_wconf 87' lang='lat' dir='ltr'>regum</span> <span class='ocrx_word' id='word_1_236' title='bbox 940 2987 988 3044; x_wconf 88' lang='lat' dir='ltr'>est</span> <span class='ocrx_word' id='word_1_237' title='bbox 1007 2978 1098 3043; x_wconf 82' lang='lat' dir='ltr'>fedus</span> <span class='ocrx_word' id='word_1_238' title='bbox 1114 2978 1225 3045; x_wconf 84' lang='lat' dir='ltr'>facere.</span> 
     </span>
     <span class='ocr_line' id='line_1_28' title="bbox 126 3074 943 3167; baseline 0 -26"><span class='ocrx_word' id='word_1_239' title='bbox 126 3074 293 3166; x_wconf 87' lang='lat' dir='ltr'>Euripides</span> <span class='ocrx_word' id='word_1_240' title='bbox 310 3082 525 3167; x_wconf 82' lang='lat' dir='ltr'>Supplicibus</span> <span class='ocrx_word' id='word_1_241' title='bbox 542 3080 637 3161; x_wconf 89' lang='lat' dir='ltr'>(vers.</span> <span class='ocrx_word' id='word_1_242' title='bbox 656 3078 754 3153; x_wconf 86' lang='grc'><strong>1188,</strong></span> <span class='ocrx_word' id='word_1_243' title='bbox 773 3085 806 3141; x_wconf 88' lang='lat' dir='ltr'>et</span> <span class='ocrx_word' id='word_1_244' title='bbox 822 3078 943 3161; x_wconf 90' lang='lat' dir='ltr'>seqq.):</span> 
     </span>
    </p>
   </div>
   <div class='ocr_carea' id='block_1_3' title="bbox 1346 2342 1377 2381">
    <p class='ocr_par' dir='ltr' id='par_1_5' title="bbox 1346 2342 1377 2381">
     <span class='ocr_line' id='line_1_29' title="bbox 1346 2342 1377 2381; baseline 0 0"><span class='ocrx_word' id='word_1_245' title='bbox 1346 2342 1377 2381; x_wconf 67' lang='lat'>4³.</span> 
     </span>
    </p>
   </div>
   <div class='ocr_carea' id='block_1_4' title="bbox 125 3248 1227 3392">
    <p class='ocr_par' dir='ltr' id='par_1_6' title="bbox 125 3248 1227 3392">
     <span class='ocr_line' id='line_1_30' title="bbox 125 3248 1226 3315; baseline -0.004 -15"><span class='ocrx_word' id='word_1_246' title='bbox 125 3257 287 3315; x_wconf 81' lang='lat' dir='ltr'>sequentibus.</span> <span class='ocrx_word' id='word_1_247' title='bbox 319 3256 415 3302; x_wconf 82' lang='lat' dir='ltr'>Servius</span> <span class='ocrx_word' id='word_1_248' title='bbox 425 3254 455 3300; x_wconf 82' lang='lat' dir='ltr'>od</span> <span class='ocrx_word' id='word_1_249' title='bbox 465 3254 524 3301; x_wconf 88' lang='lat' dir='ltr'>illud</span> <span class='ocrx_word' id='word_1_250' title='bbox 536 3266 565 3299; x_wconf 87' lang='lat' dir='ltr'>u.</span> <span class='ocrx_word' id='word_1_251' title='bbox 576 3253 652 3299; x_wconf 82' lang='lat' dir='ltr'>AEns-</span> <span class='ocrx_word' id='word_1_252' title='bbox 702 3250 767 3308; x_wconf 74' lang='lat' dir='ltr'>Quia</span> <span class='ocrx_word' id='word_1_253' title='bbox 776 3248 840 3308; x_wconf 80' lang='lat' dir='ltr'>quod</span> <span class='ocrx_word' id='word_1_254' title='bbox 850 3263 893 3294; x_wconf 74' lang='lat' dir='ltr'>rer</span> <span class='ocrx_word' id='word_1_255' title='bbox 898 3250 1019 3308; x_wconf 79' lang='lat' dir='ltr'>promittit</span> <span class='ocrx_word' id='word_1_256' title='bbox 1028 3250 1120 3296; x_wconf 75' lang='lat' dir='ltr'>videtur</span> <span class='ocrx_word' id='word_1_257' title='bbox 1129 3252 1226 3309; x_wconf 72' lang='lat' dir='ltr'>respub·</span> 
     </span>
     <span class='ocr_line' id='line_1_31' title="bbox 125 3324 1227 3392; baseline -0.01 -16"><span class='ocrx_word' id='word_1_258' title='bbox 125 3330 180 3376; x_wconf 82' lang='lat' dir='ltr'>idos</span> <span class='ocrx_word' id='word_1_259' title='bbox 190 3329 349 3392; x_wconf 81' lang='lat' dir='ltr'>(vers.161):</span> <span class='ocrx_word' id='word_1_260' title='bbox 701 3324 749 3368; x_wconf 82' lang='lat' dir='ltr'>lica</span> <span class='ocrx_word' id='word_1_261' title='bbox 757 3324 902 3382; x_wconf 77' lang='lat' dir='ltr'>promittere.</span> <span class='ocrx_word' id='word_1_262' title='bbox 934 3325 967 3369; x_wconf 85' lang='lat' dir='ltr'>Et</span> <span class='ocrx_word' id='word_1_263' title='bbox 981 3324 1023 3369; x_wconf 90' lang='lat' dir='ltr'>nbi</span> <span class='ocrx_word' id='word_1_264' title='bbox 1038 3324 1129 3369; x_wconf 82' lang='lat' dir='ltr'>AEnsas</span> <span class='ocrx_word' id='word_1_265' title='bbox 1143 3325 1227 3383; x_wconf 83' lang='lat' dir='ltr'>singu.</span> 
     </span>
    </p>
   </div>
   <div class='ocr_carea' id='block_1_5' title="bbox 700 3397 1226 3533">
    <p class='ocr_par' dir='ltr' id='par_1_7' title="bbox 700 3397 1226 3533">
     <span class='ocr_line' id='line_1_32' title="bbox 700 3397 1226 3457; baseline 0.004 -15"><span class='ocrx_word' id='word_1_266' title='bbox 700 3397 745 3443; x_wconf 88' lang='lat' dir='ltr'>lari</span> <span class='ocrx_word' id='word_1_267' title='bbox 766 3398 896 3443; x_wconf 81' lang='lat' dir='ltr'>certamine</span> <span class='ocrx_word' id='word_1_268' title='bbox 912 3402 1065 3457; x_wconf 82' lang='lat' dir='ltr'>pugnaturus</span> <span class='ocrx_word' id='word_1_269' title='bbox 1084 3398 1151 3457; x_wconf 86' lang='lat' dir='ltr'>prins</span> <span class='ocrx_word' id='word_1_270' title='bbox 1171 3412 1226 3444; x_wconf 89' lang='lat' dir='ltr'>cnm</span> 
     </span>
     <span class='ocr_line' id='line_1_33' title="bbox 700 3472 1224 3533; baseline 0.004 -15"><span class='ocrx_word' id='word_1_271' title='bbox 700 3472 788 3519; x_wconf 81' lang='lat' dir='ltr'>Latino</span> <span class='ocrx_word' id='word_1_272' title='bbox 794 3473 864 3519; x_wconf 76' lang='lat' dir='ltr'>fedus</span> <span class='ocrx_word' id='word_1_273' title='bbox 871 3474 942 3531; x_wconf 74' lang='lat' dir='ltr'>sscit5</span> <span class='ocrx_word' id='word_1_274' title='bbox 952 3473 1070 3533; x_wconf 87' lang='lat' dir='ltr'>Turnum,</span> <span class='ocrx_word' id='word_1_275' title='bbox 1081 3474 1124 3531; x_wconf 79' lang='lat' dir='ltr'>uit,</span> <span class='ocrx_word' id='word_1_276' title='bbox 1134 3474 1224 3521; x_wconf 80' lang='lat' dir='ltr'>nonin·</span> 
     </span>
    </p>
   </div>
   <div class='ocr_carea' id='block_1_6' title="bbox 120 3689 1224 4449">
    <p class='ocr_par' dir='ltr' id='par_1_8' title="bbox 121 3689 1224 4018">
     <span class='ocr_line' id='line_1_34' title="bbox 121 3689 1224 3764; baseline 0.005 -20"><span class='ocrx_word' id='word_1_277' title='bbox 121 3689 245 3763; x_wconf 85' lang='lat' dir='ltr'>procecd</span> <span class='ocrx_word' id='word_1_278' title='bbox 257 3705 336 3743; x_wconf 89' lang='lat' dir='ltr'>moro</span> <span class='ocrx_word' id='word_1_279' title='bbox 348 3690 507 3762; x_wconf 84' lang='lat' dir='ltr'>commonly</span> <span class='ocrx_word' id='word_1_280' title='bbox 520 3690 595 3746; x_wconf 85' lang='lat' dir='ltr'>from</span> <span class='ocrx_word' id='word_1_281' title='bbox 609 3691 704 3764; x_wconf 87' lang='lat' dir='ltr'>public</span> <span class='ocrx_word' id='word_1_282' title='bbox 716 3695 868 3764; x_wconf 84' lang='lat' dir='ltr'>questions.</span> <span class='ocrx_word' id='word_1_283' title='bbox 915 3692 1077 3759; x_wconf 80' lang='lat' dir='ltr'>Therefore,</span> <span class='ocrx_word' id='word_1_284' title='bbox 1092 3693 1168 3748; x_wconf 80' lang='lat' dir='ltr'>sInce</span> <span class='ocrx_word' id='word_1_285' title='bbox 1181 3710 1224 3749; x_wconf 87' lang='lat' dir='ltr'>wa</span> 
     </span>
     <span class='ocr_line' id='line_1_35' title="bbox 122 3774 1223 3853; baseline 0.007 -25"><span class='ocrx_word' id='word_1_286' title='bbox 122 3774 194 3830; x_wconf 85' lang='lat' dir='ltr'>have</span> <span class='ocrx_word' id='word_1_287' title='bbox 209 3775 351 3830; x_wconf 87' lang='lat' dir='ltr'>discussed</span> <span class='ocrx_word' id='word_1_288' title='bbox 368 3793 453 3848; x_wconf 86' lang='lat' dir='ltr'>many</span> <span class='ocrx_word' id='word_1_289' title='bbox 467 3777 560 3848; x_wconf 85' lang='lat' dir='ltr'>points</span> <span class='ocrx_word' id='word_1_290' title='bbox 579 3777 645 3832; x_wconf 81' lang='lat' dir='ltr'>with</span> <span class='ocrx_word' id='word_1_291' title='bbox 664 3780 765 3850; x_wconf 85' lang='lat' dir='ltr'>regard</span> <span class='ocrx_word' id='word_1_292' title='bbox 784 3787 813 3834; x_wconf 91' lang='lat' dir='ltr'>to</span> <span class='ocrx_word' id='word_1_293' title='bbox 832 3787 973 3853; x_wconf 82' lang='lat' dir='ltr'>compacte</span> <span class='ocrx_word' id='word_1_294' title='bbox 991 3781 1020 3833; x_wconf 93' lang='lat' dir='ltr'>in</span> <span class='ocrx_word' id='word_1_295' title='bbox 1041 3779 1164 3851; x_wconf 84' lang='lat' dir='ltr'>general,</span> <span class='ocrx_word' id='word_1_296' title='bbox 1181 3796 1223 3836; x_wconf 80' lang='lat' dir='ltr'>we</span> 
     </span>
     <span class='ocr_line' id='line_1_36' title="bbox 122 3861 1222 3936; baseline 0.007 -23"><span class='ocrx_word' id='word_1_297' title='bbox 122 3868 198 3916; x_wconf 86' lang='lat' dir='ltr'>must</span> <span class='ocrx_word' id='word_1_298' title='bbox 211 3861 268 3916; x_wconf 90' lang='lat' dir='ltr'>add</span> <span class='ocrx_word' id='word_1_299' title='bbox 279 3878 357 3917; x_wconf 90' lang='lat' dir='ltr'>some</span> <span class='ocrx_word' id='word_1_300' title='bbox 371 3863 496 3917; x_wconf 84' lang='lat' dir='ltr'>remarks</span> <span class='ocrx_word' id='word_1_301' title='bbox 508 3863 660 3936; x_wconf 82' lang='lat' dir='ltr'>belonging</span> <span class='ocrx_word' id='word_1_302' title='bbox 672 3871 702 3919; x_wconf 92' lang='lat' dir='ltr'>to</span> <span class='ocrx_word' id='word_1_303' title='bbox 718 3865 773 3920; x_wconf 89' lang='lat' dir='ltr'>this</span> <span class='ocrx_word' id='word_1_304' title='bbox 785 3884 864 3921; x_wconf 89' lang='lat' dir='ltr'>more</span> <span class='ocrx_word' id='word_1_305' title='bbox 876 3868 1002 3922; x_wconf 88' lang='lat' dir='ltr'>eminent</span> <span class='ocrx_word' id='word_1_306' title='bbox 1016 3867 1085 3920; x_wconf 86' lang='lat' dir='ltr'>kind</span> <span class='ocrx_word' id='word_1_307' title='bbox 1100 3866 1133 3920; x_wconf 85' lang='lat' dir='ltr'>of</span> <span class='ocrx_word' id='word_1_308' title='bbox 1146 3882 1222 3921; x_wconf 80' lang='lat' dir='ltr'>com·</span> 
     </span>
     <span class='ocr_line' id='line_1_37' title="bbox 121 3952 196 4018; baseline 0.013 -18"><span class='ocrx_word' id='word_1_309' title='bbox 121 3952 196 4018; x_wconf 85' lang='lat' dir='ltr'>pact.</span> 
     </span>
    </p>

    <p class='ocr_par' dir='ltr' id='par_1_9' title="bbox 122 4031 1223 4192">
     <span class='ocr_line' id='line_1_38' title="bbox 176 4031 1223 4105; baseline 0.002 -20"><span class='ocrx_word' id='word_1_310' title='bbox 176 4032 215 4086; x_wconf 89' lang='lat'>11.</span> <span class='ocrx_word' id='word_1_311' title='bbox 251 4031 342 4087; x_wconf 86' lang='lat' dir='ltr'>These</span> <span class='ocrx_word' id='word_1_312' title='bbox 353 4033 448 4105; x_wconf 88' lang='lat' dir='ltr'>public</span> <span class='ocrx_word' id='word_1_313' title='bbox 465 4040 642 4105; x_wconf 86' lang='lat' dir='ltr'>agreements</span> <span class='ocrx_word' id='word_1_314' title='bbox 653 4050 695 4088; x_wconf 87' lang='lat' dir='ltr'>vvo</span> <span class='ocrx_word' id='word_1_315' title='bbox 710 4050 774 4105; x_wconf 85' lang='lat' dir='ltr'>may</span> <span class='ocrx_word' id='word_1_316' title='bbox 788 4034 882 4091; x_wconf 86' lang='lat' dir='ltr'>divide</span> <span class='ocrx_word' id='word_1_317' title='bbox 896 4036 957 4090; x_wconf 88' lang='lat' dir='ltr'>into</span> <span class='ocrx_word' id='word_1_318' title='bbox 971 4034 1073 4089; x_wconf 90' lang='lat' dir='ltr'>Public</span> <span class='ocrx_word' id='word_1_319' title='bbox 1087 4033 1223 4098; x_wconf 84' lang='lat' dir='ltr'>Treaties,</span> 
     </span>
     <span class='ocr_line' id='line_1_39' title="bbox 122 4117 643 4192; baseline 0.002 -19"><span class='ocrx_word' id='word_1_320' title='bbox 122 4117 284 4190; x_wconf 82' lang='lat' dir='ltr'>Sponsions,</span> <span class='ocrx_word' id='word_1_321' title='bbox 298 4119 355 4172; x_wconf 83' lang='lat' dir='ltr'>and</span> <span class='ocrx_word' id='word_1_322' title='bbox 367 4119 449 4173; x_wconf 90' lang='lat' dir='ltr'>other</span> <span class='ocrx_word' id='word_1_323' title='bbox 464 4120 643 4192; x_wconf 80' lang='lat' dir='ltr'>Compacts*.</span> 
     </span>
    </p>

    <p class='ocr_par' dir='ltr' id='par_1_10' title="bbox 120 4200 1222 4449">
     <span class='ocr_line' id='line_1_40' title="bbox 175 4200 1222 4275; baseline -0.001 -18"><span class='ocrx_word' id='word_1_324' title='bbox 175 4203 228 4259; x_wconf 91' lang='lat'>111.</span> <span class='ocrx_word' id='word_1_325' title='bbox 263 4210 277 4258; x_wconf 90' lang='lat'>1</span> <span class='ocrx_word' id='word_1_326' title='bbox 296 4204 376 4259; x_wconf 90' lang='lat' dir='ltr'>With</span> <span class='ocrx_word' id='word_1_327' title='bbox 394 4205 495 4275; x_wconf 85' lang='lat' dir='ltr'>regard</span> <span class='ocrx_word' id='word_1_328' title='bbox 507 4211 537 4259; x_wconf 92' lang='lat' dir='ltr'>to</span> <span class='ocrx_word' id='word_1_329' title='bbox 550 4205 598 4259; x_wconf 89' lang='lat' dir='ltr'>the</span> <span class='ocrx_word' id='word_1_330' title='bbox 610 4203 762 4257; x_wconf 82' lang='lat' dir='ltr'>difference</span> <span class='ocrx_word' id='word_1_331' title='bbox 779 4202 813 4257; x_wconf 84' lang='lat' dir='ltr'>of</span> <span class='ocrx_word' id='word_1_332' title='bbox 826 4203 927 4257; x_wconf 84' lang='lat' dir='ltr'>Public</span> <span class='ocrx_word' id='word_1_333' title='bbox 939 4201 1065 4257; x_wconf 84' lang='lat' dir='ltr'>Treaties</span> <span class='ocrx_word' id='word_1_334' title='bbox 1081 4200 1222 4269; x_wconf 81' lang='lat' dir='ltr'>(Faedero)</span> 
     </span>
     <span class='ocr_line' id='line_1_41' title="bbox 120 4286 1222 4360; baseline -0.002 -18"><span class='ocrx_word' id='word_1_335' title='bbox 120 4289 178 4342; x_wconf 84' lang='lat' dir='ltr'>and</span> <span class='ocrx_word' id='word_1_336' title='bbox 187 4288 375 4345; x_wconf 74' lang='lat' dir='ltr'>conventione</span> <span class='ocrx_word' id='word_1_337' title='bbox 386 4291 470 4345; x_wconf 86' lang='lat' dir='ltr'>made</span> <span class='ocrx_word' id='word_1_338' title='bbox 485 4307 522 4344; x_wconf 94' lang='lat' dir='ltr'>on</span> <span class='ocrx_word' id='word_1_339' title='bbox 533 4288 665 4360; x_wconf 86' lang='lat' dir='ltr'>personet</span> <span class='ocrx_word' id='word_1_340' title='bbox 678 4287 886 4359; x_wconf 84' lang='lat' dir='ltr'>responsibility</span> <span class='ocrx_word' id='word_1_341' title='bbox 899 4286 1094 4359; x_wconf 76' lang='lat' dir='ltr'>(sponsiones),</span> <span class='ocrx_word' id='word_1_342' title='bbox 1103 4305 1146 4343; x_wconf 87' lang='lat' dir='ltr'>wo</span> <span class='ocrx_word' id='word_1_343' title='bbox 1158 4305 1222 4359; x_wconf 81' lang='lat' dir='ltr'>may</span> 
     </span>
     <span class='ocr_line' id='line_1_42' title="bbox 120 4372 1221 4449; baseline -0.002 -19"><span class='ocrx_word' id='word_1_344' title='bbox 120 4375 186 4430; x_wconf 81' lang='lat' dir='ltr'>take</span> <span class='ocrx_word' id='word_1_345' title='bbox 200 4375 295 4449; x_wconf 81' lang='lat' dir='ltr'>Livy&#39;s</span> <span class='ocrx_word' id='word_1_346' title='bbox 310 4376 387 4443; x_wconf 79' lang='lat' dir='ltr'>view,</span> <span class='ocrx_word' id='word_1_347' title='bbox 408 4377 439 4430; x_wconf 91' lang='lat' dir='ltr'>in</span> <span class='ocrx_word' id='word_1_348' title='bbox 456 4374 547 4430; x_wconf 81' lang='lat' dir='ltr'>which</span> <span class='ocrx_word' id='word_1_349' title='bbox 564 4375 601 4430; x_wconf 90' lang='lat' dir='ltr'>he</span> <span class='ocrx_word' id='word_1_350' title='bbox 615 4390 678 4445; x_wconf 82' lang='lat' dir='ltr'>says</span> <span class='ocrx_word' id='word_1_351' title='bbox 693 4372 755 4427; x_wconf 90' lang='lat' dir='ltr'>that</span> <span class='ocrx_word' id='word_1_352' title='bbox 762 4374 873 4446; x_wconf 66' lang='lat' dir='ltr'>sordre</span> <span class='ocrx_word' id='word_1_353' title='bbox 887 4390 936 4430; x_wconf 85' lang='lat' dir='ltr'>aro</span> <span class='ocrx_word' id='word_1_354' title='bbox 953 4373 1069 4430; x_wconf 88' lang='lat' dir='ltr'>treaties</span> <span class='ocrx_word' id='word_1_355' title='bbox 1083 4373 1167 4429; x_wconf 82' lang='lat' dir='ltr'>mado</span> <span class='ocrx_word' id='word_1_356' title='bbox 1181 4375 1221 4447; x_wconf 88' lang='lat' dir='ltr'>by</span> 
     </span>
    </p>
   </div>
   <div class='ocr_carea' id='block_1_7' title="bbox 534 4480 799 4531">
    <p class='ocr_par' dir='ltr' id='par_1_11' title="bbox 534 4480 799 4531">
     <span class='ocr_line' id='line_1_43' title="bbox 534 4480 799 4531; baseline -0.004 0"><span class='ocrx_word' id='word_1_357' title='bbox 534 4480 799 4531; x_wconf 49' lang='lat' dir='ltr'>*Reddi-1124.</span> 
     </span>
    </p>
   </div>
   <div class='ocr_carea' id='block_1_8' title="bbox 220 4567 1120 4702">
    <p class='ocr_par' dir='ltr' id='par_1_12' title="bbox 220 4567 1120 4702">
     <span class='ocr_line' id='line_1_44' title="bbox 220 4567 1120 4702; baseline 0 -23"><span class='ocrx_word' id='word_1_358' title='bbox 220 4610 338 4700; x_wconf 81' lang='lat' dir='ltr'>[eaor.</span> <span class='ocrx_word' id='word_1_359' title='bbox 355 4612 406 4702; x_wconf 78' lang='lat' dir='ltr'>vn]</span> <span class='ocrx_word' id='word_1_360' title='bbox 1098 4567 1120 4631; x_wconf 76' lang='lat'>9</span> 
     </span>
    </p>
   </div>
   <div class='ocr_carea' id='block_1_9' title="bbox 0 0 1504 5062">
    <p class='ocr_par' dir='ltr' id='par_1_13' title="bbox 0 0 1504 5062">
     <span class='ocr_line' id='line_1_45' title="bbox 0 0 1504 5062; baseline 0 6"><span class='ocrx_word' id='word_1_361' title='bbox 0 0 1504 5062; x_wconf 95' lang='lat' dir='ltr'> </span> 
     </span>
    </p>
   </div>
  </div>
 </body>
</html>
