3000 5062
132 319 200 374 eir.
215 317 297 386 xx]
573 318 624 371 nn
647 318 785 373 nonnus
1171 311 1233 373 253

131 486 313 552 marchand
334 484 505 550 levioribus
522 485 674 550 remediis
695 484 941 569 restinqoenduc
957 496 1014 562 eat,
1039 506 1137 571 qoam
1161 485 1235 549 lidi·

131 587 266 650 dim‘bos
283 586 435 650 ardescit.

207 686 228 749 2
263 681 458 748 Punitionem
484 704 555 768 quoe
580 681 652 747 huio
676 680 730 746 fini
752 681 882 749 inservit
906 688 1021 749 nature
1044 681 1141 749 cuivis
1166 702 1234 748 ease

132 782 257 857 licitam,
275 781 327 868 qui
342 781 459 868 jndicio
477 782 591 857 valeat,
614 791 646 848 et
663 780 812 868 ejusmodi
829 782 953 870 generis
975 790 1031 848 aut
1046 783 1172 869 paribus
1188 781 1233 848 vi·
1247 798 1373 843 rhomae

132 882 183 949 tiis
199 903 262 947 nen
279 889 433 960 teneatur,
451 902 491 946 ex
508 902 546 946 ee
563 901 634 966 quea
649 880 754 946 verbis
770 881 806 947 fit
823 881 1025 969 castigatione
1040 890 1183 970 apparet.

1246 847 1380 894 quatra&

349 1008 479 1064 Amicum
493 1008 630 1079 castigare
645 1008 681 1063 ob
696 1007 826 1063 meritam
839 1012 961 1075 noxiam,
1245 1012 1315 1098 ppulo
1326 1012 1388 1053 crta

348 1095 479 1150 Immune
493 1100 536 1149 eat
550 1094 667 1160 focinus,
681 1111 779 1148 rerum
793 1096 823 1149 in
837 1102 921 1151 aetate
935 1096 1014 1152 utile.
1280 1084 1287 1098 ‘
1307 1083 1314 1097 ‘

133 1203 174 1268 In
193 1200 375 1269 verberibus
396 1223 471 1267 vero
497 1210 529 1267 et
553 1201 621 1266 eliis
643 1223 714 1288 qnae
737 1201 900 1268 coactionis
924 1202 1041 1289 aliquid
1064 1201 1232 1279 continent,

133 1301 296 1367 discrimen
318 1296 417 1367 tinter
437 1322 585 1389 personas
608 1301 718 1387 quibus
740 1300 773 1367 id
789 1301 881 1368 licent
902 1311 1034 1368 autnon
1057 1302 1148 1368 liceat
1170 1323 1233 1367 non

132 1409 179 1466 cst
195 1400 311 1465 factum
326 1423 346 1467 a
362 1408 475 1466 natura
492 1400 703 1488 (nequeenim
720 1400 831 1486 potuit,
851 1401 910 1466 nisi
927 1402 1009 1487 quod
1024 1401 1105 1467 ratio
1122 1422 1233 1489 paren·

131 1499 213 1566 tibus
234 1499 267 1563 in
283 1500 398 1565 liberos
421 1499 488 1586 ejus
499 1499 581 1586 juris
598 1500 827 1586 usurpationem
845 1522 903 1585 pro
923 1502 1051 1566 affectus
1067 1500 1233 1566 necessitu-

131 1599 203 1664 dine
228 1597 427 1686 peculiariter
447 1598 653 1681 eommendat)
677 1598 733 1663 sed
754 1620 774 1663 a
793 1599 922 1687 legibus,
946 1622 1016 1686 quar
1041 1621 1232 1665 communem

132 1698 216 1763 illum
242 1698 366 1786 generis
397 1696 524 1763 humani
558 1697 829 1785 propinquitatem,
863 1698 1061 1764 vitandarum
1092 1698 1232 1763 rixarum

133 1820 219 1885 ergo,
245 1798 287 1863 ed
312 1797 469 1885 proximos
492 1797 620 1863 affectus
644 1795 883 1873 restrinxerunt,
908 1806 945 1863 ut
968 1797 1075 1862 ridere
1096 1804 1144 1862 est
1165 1805 1231 1862 tum

134 1896 217 1975 alibi,
242 1906 309 1963 tum
332 1896 445 1964 Codice
465 1895 670 1970 Justinianeo‚
694 1894 784 1960 titulo
807 1895 846 1960 de
871 1896 1086 1961 emendatione
1105 1895 1233 1983 propin-

133 2016 285 2082 quorum:
311 2018 371 2083 quo
389 2004 421 2061 et
437 1995 513 2061 illud
531 1994 668 2081 pertinet
684 1994 898 2080 Xenophontis
913 1995 954 2060 ad
970 1994 1100 2060 milites:
1127 1995 1155 2062 εἰ
1172 1990 1232 2073 μὲν
1245 2022 1365 2071 mmm.

133 2091 188 2164 ἐπ’
204 2092 324 2185 ἀγαθῷ
338 2090 487 2164 ἐκόλασα
505 2089 590 2170 rard,
609 2090 689 2182 ἀξιῶ
704 2089 839 2186 ὑπέχειν
852 2085 947 2173 δίκην,
965 2098 1035 2161 οἵαν
1051 2092 1103 2161 καὶ
1120 2095 1231 2182 ’γονεῖς
1245 2070 1347 2117 cim
1358 2067 1393 2117 ἰ

135 2195 212 2265 viola
241 2195 294 2263 uei
324 2187 509 2263 διδάσκαλοι
538 2196 643 2262 παισί.
686 2192 738 2260 καὶ
761 2191 835 2287 ’γάρ
866 2188 973 2285 iarpoi
1000 2187 1157 2269 τέμνουσι
1180 2191 1231 2262 rai

132 2296 275 2363 καίουσιν
291 2290 344 2362 ἐπ’
362 2292 492 2382 ἀγαθῷ·
515 2296 546 2359 οι·
563 2315 653 2377 quem
671 2305 711 2358 ιιι
723 2295 886 2378 podeaecm
902 2294 1078 2369 νονιινανι,
1100 2314 1233 2378 poenom

133 2395 244 2459 debere
260 2415 309 2458 me
319 2396 482 2479 profiteor,
500 2394 626 2479 qualem
636 2404 792 2479 parcntee
807 2393 901 2476 filiis,
920 2404 950 2457 ιι
966 2394 1120 2476 mapiatn'
1135 2393 1234 2458 disci-

128 2493 230 2578 pulis.
275 2495 368 2560 Nam
390 2505 420 2558 οι
442 2495 562 2559 medici
584 2505 737 2578 eyrorem
759 2514 816 2557 suo
840 2494 946 2577 ipsias
967 2493 1049 2555 bono
1065 2502 1168 2557 umet
1191 2512 1233 2556 αο

133 2600 253 2660 cecant.
300 2591 481 2658 Lactantius
503 2591 582 2657 libro
599 2612 651 2657 vr:
677 2594 776 2657 Jubet
794 2594 884 2657 Deua
906 2603 943 2656 ιιι
965 2613 1082 2656 monus
1104 2603 1388 2669 cortraco-anna

133 2714 229 2777 cuper
256 2694 394 2757 minores
418 2713 539 2777 semper
563 2692 746 2768 habeamur,
773 2693 831 2757 hoc
856 2703 911 2766 ιιι,
934 2702 971 2754 ιιι
991 2702 1161 2776 peccantes
1182 2711 1233 2754 eoa

132 2793 278 2856 assiduis
301 2792 484 2857 νινόινιὸιιι
506 2793 719 2875 coerceamus,
741 2812 781 2855 ιιι
804 2812 912 2856 amore
934 2791 1052 2854 inutili
1073 2802 1104 2854 et
1125 2789 1234 2853 indul·

131 2893 244 2975 9entia
258 2891 365 2955 nimie
382 2892 556 2955 edocentur
573 2892 619 2954 od
636 2891 757 2954 malum
775 2901 806 2954 et
822 2892 869 2953 cd
885 2891 971 2954 vitia
987 2890 1191 2953 ιιιιινίαιιινν.

133 3065 281 3125 corripimur.
312 3063 381 3110 Idem
397 3064 426 3109 de
442 3064 487 3110 Ira
507 3074 538 3109 11.
558 3066 597 3110 27.
626 3064 658 3110 In
708 3064 794 3120 nentia,
809 3064 894 3109 etalio
903 3064 1217 3124 quaprofirteratorqeent.

133 3142 171 3189 his
180 3148 248 3187 mat
257 3142 484 3200 donimaqistrutur,
496 3144 659 3199 parentesque,
753 3141 761 3170 ⁸
784 3137 849 3183 Inter
864 3150 981 3195 personas
1000 3138 1084 3198 quihus
1104 3138 1132 3184 id
1150 3138 1232 3199 liccat]

133 3216 265 3272 etjrcdicec,
284 3229 383 3275 quorum
398 3214 525 3272 castiqntio
541 3213 577 3258 rie
593 3213 659 3258 acci-
709 3208 774 3257 Vide
785 3211 951 3270 Augustinum
960 3210 1105 3257 Euchirr'dio
1115 3226 1168 3272 cap.
1180 3214 1219 3258 72.

128 3291 220 3351 piade
229 3296 270 3347 ιιι,
280 3287 394 3349 quomodo
403 3285 547 3345 scalpellum,
557 3290 579 3331 ιι
586 3286 661 3331 abeti-

133 3490 217 3544 Plate
232 3488 288 3542 end
300 3488 423 3543 Tacitus.

189 3581 206 3629 2
236 3574 310 3629 Thot
324 3573 505 3645 punishment
517 3572 608 3629 which
622 3588 742 3628 answers
756 3573 824 3629 such
837 3589 874 3627 on
888 3572 953 3637 end,
967 3572 990 3627 ia
1005 3571 1099 3626 lewful
1109 3577 1139 3627 te
1151 3588 1236 3645 every

134 3677 188 3715 ono
203 3660 237 3715 of
248 3660 339 3715 sound
347 3661 506 3731 judgment,
517 3660 580 3715 who
591 3660 614 3714 is
627 3665 677 3715 not
688 3659 850 3732 implicated
861 3660 890 3712 in
902 3658 965 3714 that
976 3675 1009 3713 or
1020 3657 1069 3713 the
1081 3658 1138 3714 like
1152 3659 1235 3725 vices,

133 3764 251 3819 appears
266 3746 339 3801 from
354 3745 429 3800 what
450 3747 474 3800 ia
495 3747 555 3801 said
577 3746 611 3801 of
630 3745 725 3801 rorbel
743 3747 917 3817 castigation.
955 3745 983 3800 It
1005 3746 1028 3798 is
1049 3763 1087 3798 eo
1101 3745 1236 3816 aoofficicl

132 3834 220 3904 Dory.
242 3832 310 3900 [See
327 3829 468 3899 Plautus]
513 3832 547 3887 In
567 3833 667 3904 atripea
682 3832 739 3886 end
753 3832 913 3895 inflictione,
927 3829 1017 3885 which
1038 3832 1151 3885 contain
1166 3848 1235 3902 any·

133 3918 214 3988 thing
229 3917 262 3972 οἰ
273 3919 456 3989 compnhion,
470 3917 519 3973 the
534 3917 685 3973 differonce
695 3917 823 3972 between
837 3918 886 3972 the
896 3933 1013 3988 persona
1025 3915 1155 3969 towhom
1167 3915 1190 3969 it
1203 3916 1236 3981 is,

134 4002 191 4054 und
205 4007 236 4055 to
251 4002 343 4056 whom
358 4004 381 4056 it
394 4004 418 4057 ia
432 4009 483 4057 not
497 4002 600 4066 lewt'ul,
623 4002 646 4055 ia
666 4008 718 4056 not
731 4002 815 4055 medo
834 4002 872 4071 by
886 4007 996 4061 nature,
1012 3997 1078 4064 (nor
1093 3999 1176 4053 could
1190 3999 1236 4063 be,

135 4092 235 4157 except
248 4086 311 4141 thet
322 4093 423 4143 nature
435 4086 596 4142 commenda
611 4092 641 4140 to
655 4092 769 4157 parents
785 4085 833 4139 tho
848 4085 927 4139 office
941 4084 975 4139 of
988 4084 1146 4153 correcting
1160 4083 1236 4138 their

136 4170 285 4237 children)
300 4172 352 4226 but
366 4172 404 4242 by
421 4173 470 4227 tho
485 4173 559 4235 lewe,
580 4169 679 4233 which,
698 4170 744 4224 ior
758 4169 808 4224 tho
824 4169 891 4222 sake
912 4168 946 4221 of
956 4167 1087 4237 avoiding
1101 4168 1237 4237 quarrelr,
1269 4222 1278 4233 ,

135 4256 206 4313 hure
225 4256 372 4311 restricted
387 4256 449 4311 thet
468 4257 583 4327 general
597 4256 717 4309 relation
732 4252 776 4320 [of
791 4260 946 4308 correctore
961 4252 1018 4306 and
1037 4251 1194 4318 corrected]
1205 4266 1236 4309 to

135 4342 185 4397 the
196 4347 308 4396 ncoroet
320 4341 418 4413 family
430 4343 570 4405 relatives,
583 4356 614 4394 as
629 4355 669 4394 we
683 4327 749 4411 incy
763 4355 810 4394 aee
824 4340 854 4392 in
866 4338 916 4393 the
929 4337 1023 4393 Codex
1038 4339 1072 4392 os
1085 4338 1235 4405 Justinian,

136 4427 210 4482 Titlc
222 4428 265 4482 De
276 4427 454 4481 emendatione
462 4428 689 4499 propinquorum.
719 4426 758 4481 Se
773 4425 873 4481 claein
880 4423 1050 4497 Xenophon,
1061 4425 1234 4481 Lactantius.
