3000 5062
131 312 198 366 Car.
212 305 295 379 XX]
576 310 628 363 DE
651 309 788 363 POENIS.
1172 303 1234 366 295

130 472 288 550 familiam,
302 471 388 558 cujus
404 470 639 539 fundamentum
657 479 704 539 cst
721 470 969 538 matrimonium:
991 477 1148 558 postrema
1164 494 1236 559 quaa

131 595 183 639 res
198 571 337 660 singulas
352 570 535 658 expetibiles
557 581 686 658 spectat,
704 571 771 638 sive
795 571 913 638 directe
930 570 1152 650 subtrahendo,
1170 572 1235 639 sive

132 671 203 738 dolo
222 670 302 736 malo
318 692 441 735 causam
458 671 561 736 dando
577 670 691 737 damni.

209 773 230 835 2
264 772 398 835 Possunt
421 769 488 835 heac
510 769 579 857 ipsa
601 770 743 836 subtilius
768 769 875 848 dividi,
893 770 950 836 scd
974 791 1067 857 quem
1084 770 1234 838 indicavi·

132 892 202 936 mus
218 869 357 936 ordinem
379 870 466 934 Deus
484 869 518 933 iu
536 869 683 958 decalogo
706 878 830 967 secutus
852 878 908 936 est.
960 871 1043 936 Nam
1069 886 1236 957 parentum

133 968 266 1046 nomine,
282 969 336 1055 qui
357 967 518 1035 naturales
542 975 615 1035 sunt
641 969 855 1057 magistratus,
873 969 967 1035 otiam
994 969 1071 1035 alios
1096 979 1235 1037 rectores

134 1092 192 1158 par
210 1076 259 1134 est
274 1068 415 1157 intelligi,
435 1090 567 1154 quorum
589 1068 759 1134 auctoritas
778 1067 956 1135 societatem
979 1068 1146 1134 humanam
1163 1092 1235 1135 con·

134 1170 233 1235 tinet:
258 1166 399 1254 sequitur
417 1166 592 1232 interdictio
613 1167 786 1233 homicidii:
812 1167 924 1233 deinde
946 1168 1131 1234 matrimonii
1148 1191 1235 1234 sano·

135 1270 188 1345 tia,
204 1267 343 1333 inhibitis
360 1265 540 1333 adulteriis:
565 1275 632 1331 tum
650 1266 744 1345 furta,
762 1276 796 1334 et
812 1266 1013 1334 falsimoniae:
1036 1267 1103 1332 loco
1126 1267 1234 1334 ultimo

135 1367 249 1434 delicta
270 1367 522 1432 inconsummata
573 1366 662 1431 Inter
687 1388 796 1433 causas
816 1374 920 1431 autem
937 1367 1156 1432 abstrahentes
1172 1389 1235 1432 non

134 1467 228 1533 debet
251 1465 324 1553 poni
350 1474 471 1533 tantum
495 1464 629 1551 qualitas
651 1463 717 1551 ejus
741 1465 826 1552 quod
847 1465 964 1532 directe
980 1466 1026 1543 fir,
1047 1467 1103 1532 sed
1119 1474 1152 1531 et
1169 1465 1235 1553 ejus

134 1566 218 1653 quod
243 1573 422 1632 secuturum
448 1564 609 1652 probabile
635 1574 693 1641 est,
722 1574 758 1630 ut
788 1565 821 1629 in
854 1564 995 1630 incendio
1029 1573 1062 1631 et
1095 1565 1234 1653 perfosso

134 1687 252 1754 aggere
279 1664 448 1731 multorum
473 1685 602 1730 summa
628 1663 818 1731 calamitates
841 1671 874 1729 et
896 1671 1013 1729 mortes
1034 1664 1128 1731 etiam
1148 1686 1235 1752 spec-

135 1764 239 1830 tanda
255 1772 336 1830 sunt

205 1866 228 1928 3
261 1863 313 1929 Ad
327 1861 518 1950 injustitiam,
536 1883 629 1948 quam
652 1860 829 1950 generalem
847 1883 969 1927 causam
987 1860 1154 1949 posuimus,
1173 1861 1235 1926 riu-

135 1963 258 2030 tardum
279 1970 311 2028 et
331 1963 416 2029 aliud
436 1962 555 2028 accedit
576 1960 695 2038 vitium,
716 1970 793 2048 puta
808 1960 951 2047 impietas
966 1960 999 2025 in
1015 1969 1171 2047 parentes,
1189 1960 1236 2025 iu-

135 2060 311 2128 humanitas
334 2061 367 2126 in
392 2062 590 2150 propinquos,
615 2060 757 2148 ingratus
779 2059 899 2125 animus
923 2058 956 2123 in
980 2060 1142 2137 beneficos,
1165 2082 1236 2146 qua

134 2170 252 2251 augent
280 2160 435 2228 delictum.
482 2161 625 2247 Apparet
653 2180 777 2245 quoque
804 2158 904 2245 major
931 2158 1070 2246 pravitas
1096 2159 1141 2224 'si
1167 2159 1236 2246 quis

134 2335 170 2382 ris
179 2336 252 2394 videt,
261 2336 359 2383 omnino
368 2338 399 2384 ad
410 2351 468 2394 rem,
479 2337 509 2384 de
516 2350 565 2397 qua
572 2336 660 2397 agitur,
755 2345 764 2370 ¹
780 2334 1080 2397 Sipuirroepr'uadelipuit]
1093 2336 1128 2381 Τὸ
1134 2336 1178 2392 μιν
1184 2334 1237 2395 γάρ

134 2410 200 2457 feeit.
230 2411 326 2456 Auctor
334 2412 443 2459 voluerat
452 2411 530 2459 dicere
542 2413 568 2457 ιἰι
577 2410 661 2457 Marci
710 2411 837 2473 ἀγνοῆσαι
845 2427 912 2457 ποτε
922 2411 957 2456 τά
967 2408 1034 2457 κατα
1042 2411 1090 2457 τὸν
1098 2411 1156 2468 βίον
1165 2411 1238 2457 ἐστὶν

134 2484 229 2531 verbis:
251 2485 294 2531 sed
308 2484 465 2544 lncegitantia
480 2486 590 2545 quadam,
608 2490 662 2531 orta
710 2484 981 2545 drdpdwomuddddni
992 2484 1236 2544 τοῑοαύτοῖιπράγ-

135 2573 165 2607 ex
174 2559 298 2607 adfinitate
308 2560 661 2620 nominuml'amiliarlum‚qui·
712 2579 775 2622 μασι
798 2559 934 2608 cleonem
959 2558 1121 2619 α’μαρτιίνιιν,
1145 2558 1236 2605 τέλεον

135 2635 180 2681 bus
189 2636 237 2682 duo
247 2637 408 2698 Evangeliatoe
417 2637 533 2696 gaudem,
544 2637 582 2683 vel
593 2638 660 2683 Aue·
712 2636 879 2696 ἐξεστηκότος
889 2640 944 2682 τοῖς
954 2633 1096 2695 λογισμοῖς·
1114 2633 1166 2694 ὅσῳ
1184 2631 1235 2693 γάρ

135 2716 175 2758 tor
192 2711 252 2771 ipse,
270 2712 310 2758 vel
330 2712 480 2772 aucupati,
499 2712 591 2758 Lucam
615 2725 661 2772 pro
711 2712 832 2757 πλείοσιν
848 2707 1015 2768 ἐλαττώμασι
1037 2707 1237 2766 πιριποπτῶκο·

135 2787 219 2833 Murco
229 2788 298 2833 uobis
308 2788 455 2845 obtulerunt,
466 2793 493 2835 ut
503 2790 593 2836 hubent
604 2789 661 2835 Edi·
711 2804 764 2842 μεν,
779 2786 894 2845 τοσούτῳ
908 2783 1019 2844 μείζονος
1031 2783 1153 2842 τιμωρίαι
1169 2782 1238 2843 ἄξιοι

135 2860 212 2908 tioucc
222 2862 275 2907 rivo
286 2863 394 2909 Auctore
404 2863 429 2908 in
439 2863 516 2909 lucem
527 2863 626 2919 emissa,
636 2867 661 2910 et
711 2864 801 2919 τυχεῖν
811 2859 962 2919 ὑπάρχομιν
976 2857 1106 2917 aliquando
1116 2858 1238 2917 ignorum

134 2935 177 2980 illa
188 2937 260 2983 etiam
274 2937 332 2983 anui
346 2937 414 2987 Ibit.
430 2942 487 2997 post
502 2939 594 2985 obitum
609 2937 661 2997 ejus
712 2934 776 2994 quod
786 2935 835 2980 rita
844 2934 932 2993 αἰοαι,
947 2933 1047 2978 hominis
1056 2937 1104 2978 ert.-
1121 2937 1148 2979 ct
1157 2933 1182 2978 tn
1193 2933 1237 2979 tic-

135 3011 220 3070 prima.
249 3012 333 3074 J.B.]
712 3008 764 3055 ἀοι
781 3008 849 3054 rebus
865 3008 952 3067 captur
968 3006 1089 3064 otmaro,
1106 3012 1185 3054 emota
1203 3011 1237 3053 cst

137 3276 170 3315 or
181 3260 219 3331 by
230 3258 387 3329 producing
401 3256 519 3325 damage
533 3253 656 3323 through
671 3268 767 3323 wrong
781 3251 876 3322 doing.

190 3352 208 3399 2
238 3344 330 3397 These
344 3347 461 3395 matters
475 3340 565 3410 might
586 3339 623 3393 bo
644 3337 757 3391 divided
774 3353 853 3391 moro
873 3334 1002 3406 subtilly;
1019 3334 1072 3389 but
1087 3336 1136 3391 the
1153 3337 1238 3393 order

137 3429 229 3483 which
240 3444 283 3480 wc
297 3426 368 3480 have
382 3425 524 3479 indicated
536 3426 559 3479 is
571 3424 634 3479 that
648 3421 739 3476 which
754 3421 817 3477 God
832 3421 883 3476 has
897 3420 1027 3475 followed
1041 3422 1071 3474 in
1085 3420 1135 3476 tho
1146 3423 1237 3478 Deca-

139 3514 230 3582 loguc.
261 3509 335 3577 [The
346 3510 412 3564 fifth
424 3510 652 3564 commandmcut
663 3508 789 3564 includes
802 3508 894 3563 duties
906 3512 936 3562 ιο
948 3506 1112 3578 governors]
1119 3528 1128 3573 ;
1139 3508 1186 3562 for
1198 3508 1237 3582 by

138 3598 189 3653 the
211 3612 294 3651 namo
308 3596 342 3650 of
360 3601 482 3668 parents,
497 3595 559 3652 who
574 3610 623 3650 arc
641 3595 753 3648 natural
773 3595 958 3665 magistrates,
973 3593 1055 3649 other
1068 3595 1157 3649 rulers
1177 3594 1236 3649 also

139 3689 214 3738 must
225 3683 262 3738 be
276 3683 462 3738 understood:
485 3681 555 3737 then
569 3681 676 3736 follows
688 3680 738 3735 tho
749 3681 930 3735 intordictiou
943 3679 976 3733 of
987 3680 1145 3746 homicide;
1165 3680 1236 3737 then

138 3769 188 3825 tho
199 3770 326 3825 sanction
337 3770 371 3824 of
379 3770 548 3841 matrimony
558 3768 596 3840 by
608 3768 657 3822 tho
669 3767 841 3839 prohibition
853 3766 887 3822 of
897 3767 1044 3839 adultery3
1062 3767 1132 3822 then
1143 3766 1235 3833 thoft;

138 3857 207 3912 then
221 3856 292 3911 falso
306 3856 430 3921 witneas3
448 3856 478 3909 iu
490 3854 539 3911 the
550 3856 605 3910 last
616 3854 705 3926 place,
717 3854 773 3908 sins
788 3854 1048 3908 uncouanmmatcd.

194 3942 306 4012 Among
318 3942 366 3997 the
378 3940 561 4012 wirhholding
573 3957 678 4003 causes,
691 3939 779 4009 ought
794 3945 824 3993 to
836 3938 873 3992 be
886 3944 947 4008 put,
961 3944 1012 3992 not
1024 3937 1091 4007 only
1105 3936 1155 3990 tho
1169 3936 1236 3990 cha·

138 4032 231 4081 racter
242 4026 275 4080 of
293 4025 355 4080 that
369 4026 460 4080 which
474 4027 497 4081 is
512 4026 630 4096 directly
642 4025 724 4088 done,
739 4025 792 4077 but
806 4023 839 4076 of
850 4022 913 4076 that
927 4021 1017 4075 which
1029 4021 1086 4073 will
1098 4020 1237 4091 probably

137 4112 247 4166 follow:
267 4128 298 4167 aa
313 4112 342 4165 in
356 4112 460 4184 setting
474 4112 526 4166 hro
540 4117 570 4165 to
584 4128 602 4164 a
616 4109 712 4173 house,
727 4124 760 4162 or
779 4106 914 4177 breaking
929 4105 1011 4159 down
1030 4122 1049 4159 a
1067 4105 1143 4169 dam,
1156 4111 1237 4177 great

138 4199 280 4268 calamity,
294 4196 351 4250 and
365 4213 436 4251 even
451 4196 559 4261 deaths,
573 4209 622 4248 arc
637 4201 668 4248 to
682 4193 719 4247 bc
733 4192 836 4247 looked
849 4191 903 4245 for.

191 4290 208 4338 3
237 4284 280 4338 To
292 4282 341 4336 the
355 4282 484 4351 injustico
495 4280 585 4335 which
595 4295 636 4333 we
644 4284 697 4349 put
705 4294 736 4333 as
747 4276 797 4331 the
807 4275 923 4347 general
934 4290 1026 4341 cauae,
1035 4274 1115 4329 there
1124 4276 1147 4330 is
1157 4276 1237 4332 often

135 4369 228 4424 added
243 4384 321 4424 some
335 4365 417 4422 other
436 4367 505 4431 rice,
524 4382 555 4420 aa
572 4364 689 4435 impioty
706 4362 833 4419 towards.
848 4367 971 4434 parents,
996 4360 1174 4433 inhumanity
1191 4373 1236 4418 to·

135 4455 225 4511 warda
234 4453 413 4526 neighboure,
424 4450 595 4523 ingratitudo
606 4448 727 4507 towmda
735 4448 929 4515 benefactora3
939 4447 1030 4505 which
1038 4448 1237 4506 increasesthc
