3000 5062
287 280 350 350 176
610 291 663 347 uu
684 288 1062 378 mruaraursrmuu.
1267 287 1341 358 [un.
1353 290 1392 346 11.

362 460 383 523 3
414 455 600 542 Exemplum
613 454 654 521 sit
668 454 718 520 “in
730 455 882 542 pactione,
895 477 936 522 ne
948 456 1017 542 quis
1028 455 1113 521 locus
1125 455 1224 522 muris
1237 455 1393 546 cingatur,

289 558 374 624 iacta
386 577 423 622 eo
435 565 576 641 tempore
592 576 661 620 cum
674 575 736 619 nou
753 555 838 620 uliud
850 563 932 620 esset
945 553 1102 620 muniendi
1114 576 1224 643 genus.
1259 557 1293 622 Is
1309 556 1394 624 locus

288 678 329 721 ne
345 676 465 745 aggere
480 653 604 740 quidem
618 653 700 742 cingi
716 652 841 739 poterit,
860 653 886 719 si
902 654 977 720 satis
990 660 1110 720 constet
1124 654 1311 740 prohibendi
1328 680 1394 723 mu·

288 775 341 822 ros
357 754 478 820 unicam
501 752 596 818 fuisse
613 774 735 818 causam
752 774 793 817 ne
813 751 987 818 muniretur
1004 751 1030 817 is
1049 752 1143 818 locus.
1191 753 1296 842 Vulgo
1313 756 1393 823 solet

288 853 464 939 exemplum
482 851 600 918 edierni
616 851 656 917 de
673 850 857 929 conditione,
883 850 909 915 si
927 851 1109 937 posthumus
1126 851 1166 918 sit
1182 864 1334 931 mortuus,
1351 856 1392 921 ab

289 974 327 1019 eo
351 952 468 1039 scripta
493 949 547 1037 qui
570 951 769 1037 posthumum
795 949 918 1014 omnino
944 950 1153 1037 exspectabat,
1179 960 1217 1017 ut
1238 955 1393 1021 sententie

288 1050 496 1138 dispositionis
511 1049 702 1136 producatur
723 1048 765 1113 ad
781 1070 852 1113 eum
870 1069 984 1124 casum
1012 1048 1038 1113 si
1054 1048 1080 1113 is
1096 1050 1279 1135 posthumus
1300 1062 1392 1119 natus

288 1171 351 1215 non
368 1157 458 1226 esset,
476 1148 550 1234 quis
565 1158 686 1213 constet
699 1147 890 1214 voluntatem
906 1146 1060 1233 loquentis
1077 1156 1192 1213 motam
1209 1149 1303 1216 inism
1320 1174 1392 1217 con·

288 1248 477 1313 sideratioue
493 1268 556 1311 uon
576 1247 737 1312 exstiturae
754 1245 870 1332 prolis:
892 1246 976 1331 quod
999 1245 1099 1332 ipsum
1121 1268 1183 1311 nou
1200 1249 1284 1334 apud
1296 1249 1391 1336 juris·

121 1356 276 1442 ffitfforegt
289 1345 444 1412 consultos
461 1352 593 1421 tantum,
610 1345 665 1410 sed
677 1352 710 1410 ei
725 1336 832 1429 l’apud
846 1343 1036 1422 Ciceronem,
1048 1352 1081 1410 et
1092 1345 1254 1412 Valerium
1268 1348 1391 1414 ⁹Muxi-

123 1449 265 1533 ΨΜ
288 1467 373 1510 mum
389 1443 531 1509 invenire
547 1452 602 1510 est

122 1561 172 1612 οιμ
183 1561 214 1600 sn
364 1546 386 1607 4
421 1543 531 1608 Cicero
542 1563 666 1608 caueam
680 1543 761 1609 hauc
773 1542 878 1611 adfert
890 1543 1029 1610 oratione
1036 1569 1100 1631 pro
1113 1547 1261 1614 Coeciua:
1278 1547 1391 1624 Quid?

288 1644 394 1710 verbis
408 1645 492 1708 eatis
512 1643 570 1708 hoc
587 1655 720 1708 cautum
737 1655 809 1708 erat
820 1643 838 1708 i
860 1646 1001 1712 minime.
1045 1648 1127 1720 Qecoe
1143 1669 1195 1712 res
1211 1649 1316 1732 igitur
1333 1669 1391 1712 ea·

288 1743 379 1809 luit?
399 1743 571 1808 voluntas:
597 1763 670 1828 que
687 1744 719 1808 ei
741 1744 853 1808 tacitis
872 1745 964 1809 nobis
987 1745 1129 1828 intelligi
1143 1757 1261 1830 posset,
1283 1748 1391 1812 verbm

287 1844 416 1908 omniuo
432 1863 496 1906 eon
516 1852 702 1906 uteremur:
725 1843 806 1926 quia
829 1864 893 1907 noa
901 1854 1018 1927 potest,
1041 1844 1140 1909 verba
1157 1856 1287 1928 reperta
1302 1858 1389 1921 suat,

286 1963 351 2006 nou
368 1963 439 2023 quse
461 1942 664 2025 impedirent,
687 1942 744 2006 sed
760 1963 832 2026 quse
849 1943 1036 2007 indicarent
1057 1943 1261 2008 voluntatens
1312 1944 1392 2009 Mox

286 2038 319 2104 in
335 2040 444 2105 eadem
461 2037 602 2105 oratione
617 2037 691 2104 dicit
707 2037 789 2104 idem
807 2038 860 2125 jus
877 2061 953 2116 esse,
971 2038 1024 2105 ubi
1040 2040 1227 2127 perspicitur
1244 2045 1327 2108 cuna
1343 2052 1392 2109 st·

330 2199 386 2245 ⁸Iu
402 2197 523 2258 poeticae,
542 2210 570 2243 as
586 2197 640 2257 quis
658 2195 723 2243 locus
739 2197 814 2242 muris
865 2195 1038 2257 Capprsoced.
1052 2197 1228 2259 Lib.v11.csp.
1240 2200 1261 2246 7.
1273 2201 1333 2248 u.1.
1349 2214 1392 2246 sx-

285 2273 480 2334 cinqutunfuetu
489 2286 516 2318 eo
526 2277 627 2332 tempore
635 2270 816 2318 cemmuliud
863 2270 969 2330 emplum
979 2271 1079 2330 legitur,
1088 2273 1153 2332 quod
1163 2273 1194 2318 ad
1205 2274 1266 2319 hauc
1279 2273 1391 2333 reguiam

285 2354 343 2396 esset
356 2347 475 2394 mammeti
489 2344 573 2407 emus]
600 2345 692 2392 Fuscus
707 2346 813 2393 Arellius
862 2350 944 2404 potest
954 2345 1045 2402 referri,
1055 2354 1200 2406 quamquam·
1209 2349 1329 2395 contrario
1340 2363 1393 2395 mo·

285 2420 311 2468 in
323 2421 557 2480 controversiaque
567 2423 604 2465 ssi
619 2420 684 2478 apud
698 2421 812 2466 Senecam
863 2420 911 2467 dc:
925 2421 1037 2467 nimirum
1054 2422 1141 2478 Patris,
1152 2423 1209 2482 qul‚·
1217 2438 1291 2484 quum
1303 2424 1392 2472 Filium

285 2494 459 2543 decimalibus
478 2506 507 2539 11.
538 2492 610 2539 Hunc
629 2493 690 2539 enim
709 2493 812 2539 animm
862 2509 931 2541 suum
942 2495 967 2540 in
978 2496 1042 2542 bello
1053 2497 1392 2559 occubuissefnlsocredsrst,

277 2571 359 2629 scisse
368 2569 418 2614 sins
428 2568 499 2614 dubio
503 2566 646 2624 iurantium,
653 2572 679 2613 at
688 2568 713 2613 oi
719 2581 764 2613 non
773 2567 812 2612 di·
861 2569 921 2615 slios
931 2569 1068 2616 instituerat
1078 2570 1186 2620 heredes.
1216 2572 1277 2629 Hoc,
1285 2578 1313 2620 ut
1323 2575 1391 2622 side·

285 2643 433 2699 ducerentur,
448 2655 499 2687 cum
516 2640 579 2686 tzod
591 2654 683 2701 quoquc
699 2641 812 2698 cauerint,
861 2646 910 2699 tur,
919 2655 1001 2687 susam
1010 2642 1077 2688 dedit
1087 2644 1162 2689 errori
1177 2644 1291 2692 Auctoris
1303 2649 1390 2708 nostrl,

284 2714 570 2763 mmcrtcdioidcrcntsr.
861 2716 982 2763 memor-la
992 2716 1389 2770 duoduodivsrssconumdsutis.

330 2787 581 2850 espcdceeronea]
597 2787 810 2835 Etismdelnoeu·
859 2791 932 2839 m.

285 2866 388 2914 stomun
402 2864 435 2922 (c.
446 2862 498 2921 42.)
904 2867 990 2914 ‘Una
1004 2867 1389 2936 utquseudcsscaasuaeqeitatis]

329 2942 341 2972 ⁰
355 2942 422 2988 Nihil
432 2942 476 2988 hec
487 2941 517 2987 de
528 2954 555 2987 re
569 2944 649 2987 exstet
659 2942 723 3001 apud
736 2940 809 2987 Vale-
861 2941 900 2987 Sic
909 2941 934 2986 iu
945 2955 1057 3001 spensam
1064 2942 1162 2989 ulterius
1169 2944 1314 2992 adulterium
1320 2962 1389 2994 com.

283 3020 346 3064 rium
358 3016 499 3073 Maximum,
510 3029 554 3062 uec
563 3016 589 3062 iu
600 3014 687 3075 Capite
696 3016 737 3062 De
749 3017 811 3062 rutis
859 3016 924 3063 mitti
937 3018 1024 3077 probat
1038 3018 1109 3064 Philo
1123 3019 1154 3066 ds
1168 3021 1311 3080 specialibus
1325 3023 1388 3083 legi.

287 3090 737 3151 Tutummtisetinsperutis‚ubilocus
746 3094 810 3137 emet
859 3092 912 3149 bus,
931 3093 1014 3139 addite
1033 3107 1118 3140 mnes:
1134 3094 1160 3141 at
1179 3096 1230 3154 γάρ
1250 3095 1388 3159 ὁμολογίαι

284 3172 365 3229 uptus,
383 3181 428 3214 nec
444 3166 509 3225 alibi,
525 3166 589 3227 quod
605 3166 687 3214 sciam.
717 3167 764 3213 Sed
784 3166 809 3212 in
857 3170 913 3213 τοῖς
923 3165 1387 3234 yduocsluoiveupsciss·(l'sg.7881.)

940 3313 1072 3321 ———

336 3419 353 3468 3
375 3413 454 3468 Tabe
477 3431 514 3468 au
531 3413 659 3485 example
674 3413 703 3467 in
716 3430 752 3467 an
764 3419 927 3484 agreement
942 3412 1024 3468 mado
1038 3413 1101 3469 that
1113 3431 1150 3470 no
1162 3416 1243 3487 place
1256 3416 1329 3472 shall
1348 3418 1386 3474 be

282 3497 382 3552 veiled
393 3498 494 3562 round,
508 3500 632 3553 madeat
646 3516 664 3552 a
678 3500 746 3553 time
758 3498 838 3554 when
851 3498 932 3553 there
946 3515 1001 3552 was
1015 3514 1052 3553 no
1067 3499 1149 3555 other
1163 3517 1224 3573 way
1238 3502 1271 3556 of
1281 3502 1386 3558 fortili-

282 3583 386 3635 cation.
414 3582 576 3652 Thstplace
585 3590 688 3637 cannot
700 3599 771 3637 even
777 3582 849 3638 hare
858 3600 893 3636 an
902 3583 1072 3638 earth-work
1083 3586 1166 3640 mado
1177 3586 1268 3641 round
1281 3589 1313 3652 it,
1324 3590 1350 3643 if
1361 3591 1386 3644 it

281 3681 388 3735 appear
404 3665 468 3720 that
482 3665 531 3720 the
546 3668 612 3736 only
632 3683 715 3720 cause
735 3668 781 3720 for
795 3667 968 3739 prohibiting
986 3670 1062 3724 walls
1080 3687 1136 3725 was
1155 3671 1217 3727 that
1236 3671 1285 3727 the
1302 3674 1385 3745 plscs

280 3748 372 3818 might
383 3755 434 3803 not
445 3749 481 3804 be
496 3750 627 3804 fortificd.
665 3752 710 3804 An
730 3752 858 3822 example
875 3753 899 3807 is
918 3755 997 3809 often
1012 3756 1098 3811 taken
1116 3756 1145 3809 in
1160 3756 1210 3812 the
1224 3758 1385 3816 conditious

279 3832 445 3889 introduced
455 3835 484 3888 in
496 3835 545 3889 the
554 3835 610 3889 will
619 3834 653 3890 oi
663 3852 682 3889 a
692 3841 811 3890 testator
823 3837 852 3890 in
863 3855 926 3893 csse
937 3838 980 3894 his
987 3841 1171 3912 posthumous
1180 3842 1256 3897 child
1268 3844 1323 3909 die,
1333 3846 1385 3901 the

279 3926 433 3976 testameut
443 3919 529 3991 being
543 3922 626 3976 made
638 3921 676 3992 by
688 3937 743 3976 one
755 3921 817 3976 who
831 3923 903 3995 fully
915 3927 1050 3996 expected
1065 3945 1083 3981 a
1094 3927 1278 3998 posthumous
1290 3929 1384 3997 child3
1418 3948 1421 3955 ·

278 4006 336 4061 and
351 4005 401 4061 the
415 4007 476 4062 rule
488 4007 512 4061 is
527 4006 596 4061 used
611 4013 641 4062 to
656 4008 759 4062 extend
769 4008 818 4063 the
827 4009 1005 4081 dispositione
1016 4012 1050 4067 oi
1061 4012 1110 4067 the
1121 4018 1275 4069 testemeut
1287 4022 1317 4070 to
1332 4016 1383 4072 the

278 4109 342 4147 case
355 4093 384 4146 in
394 4091 484 4147 which
498 4092 548 4147 the
562 4093 746 4164 posthumous
761 4094 837 4149 child
847 4096 871 4150 is
882 4104 934 4151 not
948 4096 1035 4152 born:
1059 4098 1180 4153 because
1195 4100 1218 4155 it
1232 4100 1383 4157 isevidunt

278 4177 341 4233 that
356 4177 405 4234 the
417 4178 473 4232 will
485 4178 518 4233 of
529 4178 578 4233 the
590 4185 709 4234 testator
723 4197 777 4235 was
789 4180 890 4236 moved
904 4181 1003 4252 hythe
1017 4184 1224 4239 consideration
1239 4185 1273 4240 oi
1283 4203 1301 4241 a
1315 4204 1383 4259 pro·

276 4280 350 4335 geny
358 4262 448 4318 which
460 4280 546 4318 naver
558 4281 637 4319 came
649 4265 709 4320 into
721 4267 876 4322 existence:
894 4267 983 4321 which
993 4270 1121 4340 example
1129 4286 1171 4325 we
1182 4270 1242 4325 ilud
1250 4279 1301 4327 not
1313 4273 1382 4346 only

275 4349 306 4403 in
321 4348 370 4404 the
384 4349 497 4414 Juriste,
511 4349 563 4404 bnt
577 4351 636 4405 also
651 4352 680 4405 iu
697 4352 795 4408 Cicero
810 4353 866 4407 and
880 4352 1010 4409 Valerius
1024 4353 1173 4412 Maximus.

334 4440 351 4487 4
382 4434 437 4489 See
450 4435 548 4491 (licere
562 4437 592 4491 in
606 4437 656 4492 the
669 4438 779 4493 oration
790 4457 844 4510 pro
861 4438 977 4495 Οοοίοο.
1013 4438 1078 4495 And
1092 4439 1183 4498 hence
1196 4441 1246 4499 the
1259 4441 1335 4499 form
1349 4444 1384 4500 cf
