3000 5062
275 303 340 366 840
494 310 547 363 ΠΒ
568 310 773 364 Poexsnt'st
794 310 1157 365 conntfflcmoxr„
1245 308 1324 377 [Lm.
1339 311 1382 365 Π.

276 476 388 543 delicto
405 474 586 562 puniuntur.
637 473 682 538 lli
705 473 758 559 qni
781 472 844 539 sint
867 496 906 539 ex
931 473 981 538 his
1000 494 1072 558 qum
1091 495 1187 561 snpra
1203 474 1244 540 de
1261 473 1382 540 damno

276 574 390 661 injuria
414 574 488 640 dato
511 573 595 639 dicta
620 582 694 638 sunt
718 572 849 660 intelligi
871 580 983 658 potest.
1035 574 1149 637 Ferme
1165 572 1248 637 enim
1266 573 1382 638 ἰίεᾶοιιι

277 673 376 738 modis
400 673 433 738 in
455 672 559 739 delicti
584 681 705 757 partem
730 671 801 756 quis
826 672 911 735 venit
935 692 997 756 qno
1021 670 1054 735 in
1076 670 1181 736 damni
1202 671 1291 737 deti:
1315 694 1381 736 non

277 782 382 838 tamn
407 793 539 858 semper,
565 771 618 835 nbi
641 769 746 834 damm
769 768 917 856 obligatio
943 777 1000 846 est,
1023 768 1118 834 eh‘am
1143 769 1292 835 delietnm
1318 782 1379 847 est,

276 871 415 936 sedtum
440 871 564 936 demum
587 869 613 933 si
637 889 700 954 qna
724 867 842 933 malitia
865 867 1031 933 notabilior
1054 869 1228 943 coemerit,
1248 891 1320 934 enm
1338 869 1382 935 ad

277 969 382 1035 damni
398 969 464 1034 dati
481 968 699 1055 obligationem
716 988 800 1052 saepe
817 966 1046 1053 qualiscumque
1062 966 1153 1053 culpa
1169 968 1310 1034 sufficiat

353 1070 374 1132 2
409 1070 495 1155 Ergo
521 1061 593 1152 '’qui
618 1066 733 1130 laetum
757 1064 901 1129 vitiosum
919 1064 1041 1151 jubent,
1059 1065 1112 1152 qui
1128 1088 1312 1132 consensum
1330 1090 1383 1134 re·

277 1166 423 1251 quisitnm
452 1165 611 1240 adhibent,
642 1164 714 1249 cqui
741 1163 901 1249 adjuvant,
929 1157 1004 1249 “qni
1029 1173 1188 1250 receptum
1214 1175 1380 1250 prestant,

276 1264 377 1329 aliove
394 1263 484 1328 modo
501 1263 616 1348 inipso
639 1262 766 1326 crimine
792 1261 1000 1349 participant:
1025 1262 1098 1347 ‘qni
1113 1262 1271 1328 consilinm
1289 1264 1380 1342 dant,

278 1354 433 1436 (nudant,
455 1369 671 1425 assentantes:
696 1361 750 1445 qui
770 1382 839 1425 cum
863 1382 904 1425 ex
918 1360 992 1447 jnre
1007 1360 1135 1447 proprie
1150 1361 1234 1426 dicto
1251 1370 1380 1428 teneam

277 1469 330 1526 tur
361 1469 470 1524 vetare
495 1463 578 1522 ‘non
606 1468 722 1533 vemnt,
749 1467 805 1524 ant
830 1481 899 1524 cnm
926 1468 1093 1525 teneantur
1121 1481 1164 1524 ex
1191 1459 1284 1525 simili
1304 1460 1380 1547 jure

277 1580 367 1647 opem
392 1558 476 1623 terre
500 1556 644 1643 injuriam
669 1556 799 1644 patienti
818 1579 881 1623 non
897 1558 1022 1624 serunt:
1046 1557 1099 1643 qui
1118 1579 1181 1622 non
1197 1558 1381 1627 dissuadent

277 1717 366 1764 scilieet
380 1720 402 1762 et
421 1717 486 1776 ipsos
492 1730 503 1772 ,-
518 1714 614 1761 Idcirco
630 1728 682 1761 eum
697 1715 802 1761 nudem·
854 1715 1038 1776 chrysostomus
1047 1717 1076 1762 de
1086 1715 1180 1763 &mnis
1189 1728 1245 1762 xcv.
1255 1719 1283 1763 ni
1293 1718 1346 1777 γείρ
1356 1718 1381 1765 ol

276 1791 321 1837 duc
329 1791 414 1837 mersa
424 1790 601 1846 communicare,
609 1789 694 1849 quidm
707 1803 803 1848 operans
853 1788 1029 1848 dwsopxot'sms
1037 1789 1121 1847 μόνον,
1130 1789 1201 1836 α’λλεί
1211 1790 1253 1836 sal
1262 1790 1285 1837 ol
1301 1809 1382 1839 συνει-

277 1864 548 1926 apommmom.
575 1862 711 1922 (ειμιο.)

323 1938 400 1999 me·
411 1939 508 1998 sactum
527 1938 635 1983 vitiosum
647 1937 738 1994 jubeant,
761 1936 804 1995 qni
852 1953 914 1983 εονο

851 1862 924 1907 δότεε
945 1864 1001 1920 μὲν,
1026 1862 1242 1922 περιστέλλοντες
1267 1865 1303 1922 dd,
1329 1883 1383 1912 κοι·

915 1938 957 1984 ῦσι
979 1940 1032 1985 τῶν
1050 1938 1231 1997 ἐγκλημάτων·
1253 1955 1300 1986 m
1320 1943 1383 1988 nin

278 2029 412 2062 commum
426 2014 563 2074 requisitam
578 2012 699 2071 adhibent]
715 2011 804 2059 &dus
847 2010 943 2070 periuri
951 2012 1004 2069 seli,
1019 2013 1061 2059 sed
1069 2018 1091 2059 et
1100 2014 1150 2073 qui,
1164 2016 1253 2061 mcii
1260 2029 1315 2062 esu
1326 2018 1383 2075 rint,

277 2091 385 2137 munitm
404 2090 505 2135 maiam
524 2088 657 2149 lapidabat.
685 2086 803 2147 Angusti-

277 2176 324 2209 nns
338 2177 447 2209 nemone
463 2176 488 2208 w.
505 2160 534 2208 de
549 2162 651 2218 Sanctis,
665 2174 718 2220 cap.
733 2163 756 2205 4.
770 2159 803 2205 si·

279 2238 345 2283 milia
360 2250 470 2284 sermone
484 2237 590 2296 sjnsdem
605 2235 740 2296 argumenti
755 2234 805 2294 pri·

278 2328 327 2371 mo,
346 2328 367 2361 c.
388 2316 412 2361 ³.
427 2318 453 2360 at
462 2327 571 2359 sermone
585 2325 640 2360 xxv.
652 2312 712 2373 [Qui
722 2325 804 2357 omnen

279 2388 407 2436 Sermones
421 2388 482 2435 ialso
500 2388 614 2448 adscripti
631 2393 688 2434 snnt
705 2388 805 2448 Angus-

278 2464 338 2511 tino.

323 2462 401 2594 ⁶]Qnt
415 2534 541 2594 adjuvant]
563 2536 625 2593 Ops.
647 2533 804 2579 Imtitsdiowi-

279 2610 323 2656 λυ
332 2610 361 2655 dc
367 2609 450 2667 Ῑὶεπίε,
460 2609 545 2669 [immo
555 2608 596 2654 Dc
606 2608 709 2667 Obligat.
720 2621 750 2652 ex
763 2608 804 2653 ds·

279 2682 342 2740 llct.]
363 2680 377 2740 5
395 2681 524 2737 interdum,
542 2693 572 2726 ιι.
590 2680 679 2726 Edicto
699 2680 806 2726 Heudo-

852 2087 1281 2146 celeatpery'sn'aerisaiaieteweatsr.
1298 2091 1383 2149 (Tenc.

853 2174 887 2209 vr.
899 2165 1014 2221 pagato,
1023 2150 1076 2210 did.
1105 2162 1174 2210 Edit.
1186 2164 1274 2224 Savil.)

896 2244 908 2269 ⁰
923 2236 972 2295 Qui
984 2237 1106 2283 masiliam
1118 2237 1187 2297 dcent]
1205 2239 1268 2286 Vide
1279 2239 1383 2288 lutita-

852 2311 927 2356 stom
933 2315 955 2356 et
962 2310 1075 2358 Edictum
1083 2311 1224 2358 nuderis
1233 2313 1304 2360 dictis
1314 2315 1384 2362 locis.

852 2385 991 2432 Andociden
1000 2387 1095 2446 exlege
1108 2387 1201 2443 Attica,
1215 2389 1263 2435 ris
1274 2389 1384 2447 βουλεύ-

854 2477 936 2506 σαντα
953 2461 979 2507 ἐν
993 2464 1031 2522 τῷ
1047 2463 1116 2522 αὐτῷ
1130 2462 1261 2523 ὶνέχεσθοε
1275 2467 1320 2511 eat
1335 2467 1384 2514 τὸν

853 2536 889 2594 τῇ
907 2536 972 2595 χειρὶ
993 2535 1173 2595 ἐργασάμενον·
1195 2539 1239 2598 qui
1257 2541 1385 2587 wudic-

854 2608 919 2655 dedit
928 2624 979 2656 eum
992 2624 1038 2656 noa
1048 2611 1125 2656 minse
1136 2627 1209 2671 pene
1220 2616 1295 2661 teneri
1309 2631 1385 2677 μοι

854 2683 896 2743 qui
910 2698 980 2729 asana
995 2698 1044 2730 rem
1057 2686 1171 2745 ffeoerit:
1203 2687 1287 2749 [Orat.
1303 2705 1321 2739 r.
1342 2693 1386 2741 De

280 2756 336 2811 rici,
346 2768 367 2800 c.
378 2756 430 2800 120.
853 2758 986 2817 Mysteriis,
1009 2772 1065 2818 pag.
1083 2759 1135 2808 219.
1164 2761 1214 2809 Ed.
1236 2764 1327 2826 Μελ]
1353 2770 1385 2814 οὺ

324 2828 401 2886 ⁶in
415 2832 530 2886 receptam
540 2824 665 2886 presidet]
687 2826 805 2888 Hierony·
854 2832 905 2890 γάρ
921 2831 952 2886 ἦν
967 2831 1110 2891 πραχθῆναι
1123 2833 1158 2891 μοὶ
1170 2835 1384 2897 βουλευσαμένου·

279 2916 334 2949 mus
355 2901 409 2962 [sut
428 2902 536 2962 quisquis
552 2901 612 2947 alins
629 2901 726 2961 scripsit
745 2915 805 2960 opus
854 2905 1156 2964 nequeenimiaewaeilio
1164 2909 1386 2974 msactesaiaes,

279 2978 348 3037 lllnd,
362 2992 387 3038 p.
403 2979 433 3025 63
450 2990 474 3027 n.
490 2979 559 3022 Tem.
574 2989 622 3023 wrr.
638 2975 688 3023 Ed.
702 2976 763 3023 Bae.
780 2977 805 3022 ln
854 2980 889 3025 nit
898 2979 1188 3029 AristotslssdePoetica
1196 2998 1249 3044 cap.
1257 2988 1295 3034 17.
1317 2987 1385 3049 [Im.

280 3051 383 3113 cap.29]
399 3066 471 3113 snper
486 3051 625 3112 parabolas:
648 3064 694 3096 non
702 3051 753 3110 sur
766 3064 804 3095 εο-
855 3052 1012 3100 modeRdet.
1026 3067 1044 3101 1.
1056 3053 1090 3113 7.]

281 3129 337 3184 lum,
347 3128 389 3174 sed
397 3128 501 3174 illereioe
517 3131 605 3173 uretur
619 3126 661 3185 qai
668 3126 736 3185 fimi
750 3139 806 3171 een·
900 3126 1045 3186 ‘Laudem
1059 3129 1217 3192 armentar]
1236 3133 1385 3196 Οιιφωῑο,

281 3202 345 3250 scius
363 3207 478 3263 querente
492 3214 629 3262 possessore
647 3214 692 3245 non
708 3200 807 3248 indicat.
850 3194 909 3248 ¹mns
917 3215 935 3249 1.
945 3202 1263 3256 stomanoscircahnsm:
1278 3212 1320 3258 καὶ
1331 3213 1385 3273 γοὶρ

282 3414 375 3478 delict,
395 3432 428 3471 or
442 3415 475 3471 oi
486 3415 590 3472 others.
626 3417 719 3472 Thone
734 3417 795 3473 who
814 3434 863 3472 are
882 3418 1028 3488 partalrers
1047 3418 1076 3471 ln
1091 3417 1141 3472 tha
1161 3417 1247 3472 delict
1264 3434 1314 3473 arc
1329 3429 1384 3476 not

281 3499 419 3571 punishod
440 3516 471 3554 so
487 3501 572 3555 much
586 3501 632 3557 for
646 3502 786 3558 another's
800 3502 886 3557 delict
901 3519 932 3557 as
946 3502 992 3557 ior
1008 3502 1083 3558 their
1100 3519 1170 3556 own.
1208 3502 1282 3558 Who
1300 3504 1385 3562 these

274 3599 339 3657 ¹are,
355 3599 419 3653 may
438 3582 474 3637 ba
489 3585 660 3640 understood
680 3585 754 3640 from
769 3586 843 3641 what
863 3587 914 3642 has
934 3587 1007 3643 been
1024 3588 1084 3642 said
1105 3587 1193 3642 abore
1210 3590 1385 3664 concaming

281 3665 399 3733 damage
414 3667 580 3738 wrongiully
595 3669 728 3724 inflicted.
763 3671 820 3724 For
833 3673 986 3743 generally,
1005 3690 1023 3726 a
1036 3688 1139 3744 person
1156 3688 1249 3727 comas
1264 3679 1295 3728 to
1310 3675 1348 3730 be
1364 3693 1384 3732 a

281 3747 379 3805 sharor
392 3749 422 3801 in
434 3748 483 3803 tho
495 3750 589 3814 delict,
601 3753 630 3805 in
643 3751 692 3807 the
706 3770 783 3808 samo
795 3771 855 3826 way
866 3758 896 3809 in
909 3756 999 3813 which
1010 3758 1046 3812 he
1058 3774 1151 3812 eomes
1163 3757 1269 3813 tobes
1281 3758 1384 3816 mater

281 3833 312 3886 in
327 3831 376 3886 tho
394 3832 512 3904 damage
527 3835 616 3901 dons;
635 3843 683 3908 yet
697 3838 720 3892 it
735 3838 759 3892 is
773 3844 824 3895 net
837 3841 938 3913 always
953 3850 1016 3898 trno
1030 3843 1093 3897 that
1108 3841 1189 3897 when
1203 3859 1221 3897 a
1234 3859 1338 3914 parson
1358 3848 1383 3901 is

282 3917 379 3973 bound
400 3918 446 3973 for
466 3918 516 3974 the
537 3920 664 3992 damage,
682 3922 759 3978 heis
781 3925 839 3979 also
863 3926 946 3982 liablc
968 3934 1000 3982 to
1021 3927 1220 4000 punishment;
1241 3927 1293 3983 bnt
1310 3931 1383 4003 only

282 4001 364 4058 when
378 4003 459 4059 there
473 4003 523 4059 hes
538 4005 619 4071 beon,
631 4007 749 4074 besides,
763 4026 840 4066 some
855 4012 969 4067 notable
983 4013 1099 4077 malice;
1113 4012 1236 4067 whereas
1250 4018 1282 4067 to
1296 4015 1382 4071 make

283 4104 302 4142 a
316 4105 418 4159 person
431 4088 527 4145 bound
541 4090 587 4144 ior
600 4091 648 4146 the
661 4092 787 4167 damage,
801 4113 856 4167 any
870 4096 942 4151 fault
954 4097 1094 4152 whatever
1108 4097 1188 4152 often
1202 4098 1319 4154 sufficos.

338 4181 355 4227 2
377 4174 530 4229 'l'horoioro
545 4174 612 4247 they
626 4177 688 4234 who
705 4182 852 4236 command
864 4197 882 4236 a
896 4183 1000 4236 viciens
1017 4189 1073 4247 act,
1093 4181 1160 4254 they
1175 4181 1236 4236 who
1251 4183 1315 4254 giro
1329 4184 1382 4240 the

283 4266 400 4313 consent
409 4258 500 4313 which
510 4259 534 4313 is
545 4262 676 4331 requsite,
688 4263 755 4337 thoy
766 4265 827 4320 who
839 4267 927 4330 assint,
938 4266 1000 4321 who
1011 4268 1119 4322 receive
1130 4267 1180 4321 the
1191 4266 1295 4339 things,
1306 4285 1341 4324 or
1351 4271 1383 4324 in

270 4358 338 4413 ¹any
349 4343 431 4398 other
443 4360 502 4414 way
513 4346 679 4418 participate
690 4350 719 4403 in
730 4349 779 4405 the
790 4352 876 4406 crime
887 4350 978 4417 itseli;
989 4351 1057 4423 they
1065 4351 1127 4406 who
1134 4353 1199 4423 giro
1206 4352 1282 4408 their
1292 4370 1383 4409 coun-

282 4426 323 4480 scl
336 4427 454 4482 towards
469 4428 500 4495 it,
515 4428 576 4486 who
589 4434 679 4503 preiso
695 4435 725 4500 tt,
740 4434 801 4493 who
813 4441 907 4492 assent
917 4442 947 4492 to
961 4437 1002 4502 ἰὸς
1016 4436 1097 4494 thess
1110 4437 1173 4492 who
1187 4437 1272 4510 being
1283 4438 1382 4509 mund
