3000 5062
298 284 363 346 322
746 290 798 343 DE
820 290 959 345 POENIS.
1276 286 1352 356 [Lm.
1366 291 1408 345 11.

297 450 374 516 satis
390 449 524 516 ostendit
546 449 746 515 traditionem
762 470 783 514 a
800 448 908 536 primis
924 446 1099 513 homiuibus
1112 446 1154 513 ad
1171 468 1229 512 nos
1239 427 1406 538 'propaga-

298 558 373 625 tam,
395 570 432 614 ao
458 570 615 634 nunquam
636 548 733 614 solide
754 548 932 624 refutatam,
954 546 1039 633 qued
1061 547 1112 613 vel
1130 544 1230 613 solum
1248 547 1292 614 ad
1309 548 1406 615 fidem

299 648 473 714 faciendam
489 648 565 713 satis
582 656 639 713 est.

374 749 396 812 4
432 746 600 832 Coujunxit
624 768 663 812 ea
688 769 758 833 quae
783 754 955 812 memorata
979 744 1068 811 nobis
1089 744 1156 832 jam
1181 753 1255 811 suut
1275 744 1318 811 de
1334 747 1407 813 Deo

134 859 270 944 ρρριιῑῑν
298 845 383 912 Dion
411 845 611 924 Prusaeeusis,
635 868 703 911 oum
730 845 810 911 dixit
835 840 1017 932 ὑπόληψιν,
1033 843 1068 909 id
1090 852 1146 922 est,
1168 843 1406 930 persuasionem

300 946 340 1011 de
357 949 435 1022 Deo,
454 944 545 1010 aliam
561 967 630 1010 esse
646 944 735 1010 nobis
751 953 926 1031 cognatam,
948 966 989 1009 ex
1005 941 1199 1030 argumentis
1214 942 1333 1009 scilieet
1349 965 1404 1030 pe

299 1045 400 1121 titam,
417 1044 509 1109 aliam
528 1041 708 1125 ἐπίκτητον
727 1042 908 1128 acquisitam
926 1064 965 1107 ex
982 1041 1162 1109 traditione.
1212 1041 1407 1109 Plutarchus

137 1158 266 1197 tuamor.
300 1145 431 1209 eandem
466 1152 557 1209 vocat
590 1140 736 1211 παλαιόν
768 1143 897 1220 πίστιν,
933 1134 968 1223 ἧς
1002 1136 1057 1208 ctis
1084 1133 1179 1209 dorca
1204 1146 1312 1210 εἰπεῖν
1336 1135 1402 1209 orii

135 1203 229 1251 natea

301 1245 448 1332 ανενρεῖν
480 1237 654 1332 τεκμήριον
687 1238 944 1332 ἐναργέστερον,
978 1233 1075 1331 ἕδραν
1107 1239 1160 1308 καὶ
1193 1235 1299 1325 βόσιν
1324 1236 1406 1334 ὕφε-

302 1344 437 1409 στῶσαν
470 1337 573 1420 κοινὴν
606 1335 689 1430 πρός
723 1335 910 1425 ενσέβειαν·
947 1342 1120 1425 antiquam
1142 1341 1427 1439 persuasionem·

301 1462 368 1525 qua
392 1438 525 1503 nullum
551 1441 666 1505 haberi
689 1441 795 1524 pessit
822 1452 882 1504 aet
908 1441 979 1504 dici
1009 1450 1235 1523 argumentum
1268 1441 1401 1515 certium

289 1541 548 1625 fundamentum
574 1541 613 1603 in
647 1561 809 1604 cotnmtme
837 1540 962 1623 pietati
988 1539 1143 1623 positum
1195 1536 1402 1604 Aristoteles:

137 1661 285 1706 nicaena
300 1635 421 1710 πάντες
443 1632 606 1728 ἄνθρωποι
631 1635 707 1728 περὶ
733 1639 815 1705 θεῶν
839 1630 973 1730 ἔχουσιν
997 1631 1178 1726 ὑπόληψιν.
1225 1636 1315 1702 Idem
1331 1657 1404 1702 sen·

151 1808 228 1840 mii·

134 1754 262 1837 parur.
299 1760 352 1805 sus
375 1737 460 1822 apud
477 1737 639 1802 Platonem
656 1740 694 1803 de
710 1738 854 1821 Lepidae
868 1735 996 1801 decimo.

375 1837 492 1902 XLVI.
545 1838 564 1900 1
602 1837 708 1914 Quare
733 1857 795 1900 nen
821 1843 935 1900 vacant
960 1833 1051 1921 culpa
1075 1833 1137 1920 qui,
1165 1832 1286 1899 etiamsi
1305 1834 1402 1900 hehe-

298 1934 387 2003 tioris
403 1935 465 2000 sint
490 1934 606 2024 ingenii
627 1956 719 2021 quam
742 1942 778 1999 ut
799 1942 886 1999 certa
906 1933 948 1998 ad
970 1933 1038 1998 illas
1054 1932 1196 1998 notiones
1212 1941 1402 2020 argumenta

297 2043 354 2101 aut
369 2035 509 2121 reperire
530 2035 657 2121 possint,
680 2041 735 2099 aut
754 2032 1027 2119 comprehendere,
1051 2053 1104 2098 eas
1125 2031 1303 2117 repudiant,
1328 2054 1403 2098 cum

297 2142 331 2200 et
346 2134 388 2198 ad
404 2134 568 2199 honestum
593 2133 655 2198 sint
680 2133 782 2208 duces,
801 2140 833 2197 et
856 2131 982 2196 diversa
1006 2130 1161 2197 sententia
1186 2130 1278 2195 nullis
1303 2152 1402 2219 argu·

296 2233 409 2298 mentis
425 2233 552 2299 nitatur.
578 2231 642 2297 Sed
658 2231 731 2317 quia
747 2232 787 2296 de
803 2230 901 2317 poenis
918 2239 950 2295 et
967 2229 1091 2316 quidem
1108 2229 1250 2296 humanis
1265 2229 1400 2319 agimus,

297 2331 461 2398 discrimen
486 2332 536 2397 hie
561 2331 771 2397 adhibendum
796 2337 844 2394 est
869 2329 952 2395 inter
979 2328 1119 2395 notiones
1143 2328 1237 2416 ipsas,
1261 2338 1295 2395 et
1316 2328 1401 2395 inter

297 2431 421 2496 modum
447 2431 487 2496 ab
512 2430 550 2495 iis
574 2429 760 2495 discedendi.
803 2428 866 2493 Hae
886 2427 1036 2505 notiones,
1058 2449 1172 2493 numen
1188 2427 1314 2514 aliquod
1329 2449 1401 2493 esse

297 2531 404 2612 (unum
422 2550 463 2594 an
478 2529 569 2614 plura
583 2531 711 2613 sepono)
729 2536 762 2592 et
779 2525 881 2592 curari
898 2525 937 2592 ab
954 2548 992 2591 eo
1008 2549 1060 2591 res
1075 2526 1243 2603 hominum,
1260 2526 1401 2592 maxime

295 2635 368 2691 suut
391 2626 588 2701 universales,
613 2627 709 2690 etad
733 2625 926 2714 religionem,
952 2624 1018 2692 sive
1042 2647 1158 2702 veram,
1184 2625 1249 2691 sire
1273 2626 1398 2702 salsam,

294 2723 540 2788 constituendam
569 2723 693 2788 omnino
723 2725 922 2790 necessariae:
956 2719 1016 2793 τόν
1049 2721 1322 2818 προσερχόμενον
1345 2728 1398 2813 τῷ

298 2825 383 2911 Θεῷ,
401 2822 447 2906 (id
473 2831 531 2899 est,
557 2825 615 2908 qai
637 2825 824 2908 religionem
848 2826 989 2890 habeat:
1014 2845 1086 2888 nam
1109 2824 1219 2913 religio
1245 2822 1399 2889 Hebraeis

294 2944 435 2988 accessus
451 2922 492 2989 ad
511 2924 611 2987 Deum
629 2925 769 3007 vocatur)
787 2925 968 2992 accersiam
994 2914 1043 2991 δεῖ
1065 2919 1119 2991 όπι
1144 2920 1231 2998 ἐστὶ,
1249 2921 1303 2989 καὶ
1321 2907 1398 2995 τοῖς

294 3018 486 3116 ἐκζητοῦσιν
504 3017 605 3091 αὐτόν
620 3014 865 3104 μισθαποδότης
882 3024 1029 3111 γίνεται·
1055 3045 1127 3090 eum
1150 3025 1277 3089 creden
1301 3044 1399 3108 opor·

294 3135 338 3188 tet
354 3133 383 3188 et
399 3147 463 3190 eoae
479 3125 596 3200 Deum,
614 3135 644 3188 et
661 3123 704 3186 ab
721 3144 755 3188 ee
768 3124 912 3207 premia
928 3124 1008 3186 dari
1024 3144 1057 3187 ee
1074 3123 1255 3188 colentibus.

653 3304 753 3309 ——.—
790 3302 795 3307 v
803 3300 929 3307 ——-.-.
935 3300 1060 3308 ..--.---
1067 3301 1076 3305 ..

291 3417 372 3481 great
386 3410 523 3480 araricty
545 3408 578 3463 of
592 3408 674 3463 other
692 3408 758 3462 lawa
777 3406 835 3460 and
855 3405 938 3460 other
957 3405 1095 3476 opinions,
1115 3404 1204 3460 shews
1224 3406 1396 3479 sufficiently

292 3513 310 3548 a
324 3497 458 3550 tradition
472 3495 645 3565 propagated
659 3494 732 3547 from
748 3493 797 3547 the
816 3492 878 3546 first
898 3508 964 3546 race
981 3491 1014 3547 of
1033 3508 1099 3545 men
1117 3500 1147 3545 to
1165 3507 1206 3555 us,
1228 3491 1284 3545 and
1306 3509 1397 3548 never

292 3580 393 3648 solidly
407 3578 540 3642 refuted;
557 3577 648 3631 which
663 3578 696 3630 os
705 3577 784 3631 itsclf
794 3580 817 3631 is
829 3578 967 3632 sufficient
982 3584 1011 3632 to
1026 3577 1151 3648 produce
1161 3576 1256 3631 belief.

350 3669 367 3715 4
403 3662 464 3715 The
492 3663 585 3731 points
609 3661 700 3714 which
729 3678 770 3715 we
799 3661 867 3715 horo
900 3664 1026 3718 mention
1052 3662 1223 3733 coneeruing
1251 3662 1316 3716 (iod
1343 3680 1394 3719 ars

291 3745 415 3815 brought
431 3745 561 3815 together
573 3747 611 3816 by
621 3747 677 3799 Dio
687 3747 865 3808 Prusaeensis,
873 3747 954 3802 when
964 3749 1001 3804 he
1013 3766 1075 3820 says
1083 3748 1146 3804 that
1157 3764 1210 3802 our
1221 3750 1392 3819 conception

291 3831 325 3886 of
338 3831 401 3886 God
416 3831 439 3885 is
454 3831 547 3902 partly
562 3830 692 3894 internai,
706 3831 800 3901 partly
814 3833 946 3901 acquired
966 3835 1003 3906 hy
1017 3835 1160 3889 tradition.
1203 3834 1241 3888 So
1252 3833 1392 3889 Plutarch

290 3917 390 3991 speaks
413 3918 446 3971 of
465 3918 505 3972 tia
527 3919 631 3971 ανοίνην
646 3917 733 3989 seith,
747 3920 812 3971 than
829 3918 913 3971 which
934 3938 969 3974 aa
988 3939 1061 3976 mora
1080 3922 1182 3975 cetam
1198 3921 1286 3994 prees
1293 3938 1346 3974 con
1362 3923 1392 3975 be

282 4006 385 4076 found,
404 4006 445 4060 tlte
463 4021 584 4059 common
594 4004 763 4077 jocondatioa
784 4005 842 4058 aad
855 4005 924 4059 basis
942 4009 978 4081 of
988 4008 1071 4079 piety.
1118 4007 1156 4060 So
1179 4006 1314 4061 Aristotle
1331 4007 1390 4061 and

289 4093 451 4231 Plahihlli.
488 4183 502 4229 l
539 4175 704 4230 Whercsore
729 4174 797 4248 they
822 4195 871 4231 are
897 4183 948 4231 not
976 4176 1124 4232 hlamelcss
1152 4176 1222 4241 who,
1250 4176 1389 4248 although

288 4264 356 4335 they
371 4280 419 4317 aro
433 4269 482 4316 too
494 4262 553 4315 dull
572 4261 664 4316 either
682 4268 712 4315 to
734 4262 860 4317 discover
872 4281 904 4318 or
915 4270 945 4318 to
960 4263 1133 4317 understand
1152 4263 1202 4318 the
1216 4263 1289 4318 solid
1304 4280 1390 4334 argu-

287 4356 379 4403 ments
403 4349 449 4402 for
462 4348 542 4402 these
557 4348 650 4418 points
671 4348 704 4404 of
722 4348 816 4414 belief,
831 4350 918 4420 rcjoct
934 4349 1031 4414 thema
1052 4349 1129 4404 since
1147 4349 1227 4404 there
1243 4350 1324 4413 exist,
1343 4350 1390 4404 for

288 4433 374 4499 them,
397 4433 496 4507 guidus
519 4440 549 4490 to
569 4433 619 4490 the
645 4435 721 4508 right
740 4452 809 4509 way,
833 4436 889 4490 aud
911 4435 961 4492 the
982 4435 1109 4509 opposite
1133 4435 1250 4508 opinion
1274 4434 1326 4490 has
1349 4452 1388 4489 no
