3000 5062
135 327 204 381 cm.
220 326 301 394 xxi
579 328 630 382 nn
652 325 790 381 emme.
1175 317 1237 378 309

133 490 276 566 minibus,
293 500 328 557 nt
346 490 459 578 Lysias
476 489 600 566 indicat,
621 489 751 576 injustos
767 488 934 575 puniendo.
973 487 1129 555 Diodorus
1147 488 1233 555 Sicu·
1250 503 1371 544 orat-Fra

133 589 182 654 lus
210 589 250 654 de
277 611 313 653 eo
338 591 382 654 sic
407 588 564 674 loquitur:
594 586 671 661 ‘roris
700 590 968 680 παρανομοῦντας
998 585 1186 680 ἀνθρώπους
1213 551 1379 668 affin&

134 681 292 760 δυνάστας
315 683 541 779 ὑπερηφάνους
562 683 769 762 ἀποκτείνας,
794 684 854 760 τάς
876 684 991 760 πόλεις
1008 683 1159 768 ε’ποῖησεν
1183 682 1232 754 εὖ·

133 780 294 861 δαίμονας·
314 790 457 851 homines
473 787 609 870 injustos
626 798 656 851 et
673 808 762 870 reyes
781 787 950 851 insolentes
967 788 1104 851 tollendo
1121 789 1233 851 beatae

133 887 290 951 reddebar
307 888 467 951 civitates.
517 883 602 949 Alibi
619 884 717 949 dixit:
746 880 876 964 ἐπῆλθε
895 882 958 964 την
974 878 1161 965 οἰκουμένην
1179 913 1232 951 κο·
1245 901 1304 945 ara

133 980 243 1078 λάζων
259 981 335 1056 rode
352 977 487 1053 ἀδίκους·
512 986 618 1049 orbem
636 985 716 1048 obiit
733 1005 850 1067 panos
873 986 913 1048 de
929 985 1054 1068 iniquis
1077 995 1230 1068 eepeterts.

133 1085 194 1148 Dio
212 1083 404 1148 Prusaeeusis
420 1083 460 1147 de
477 1082 605 1148 eodem:
624 1080 698 1154 roris
711 1078 869 1172 noonporie
886 1076 1071 1175 ἀνθρώπους
1085 1077 1230 1176 ἐκόλαζε,
1245 1099 1377 1194 mit,

1206 1176 1213 1203 ,
1288 1170 1323 1183 ..
1378 1173 1384 1183 .

133 1182 186 1250 rui
205 1184 272 1250 τῶν
298 1177 515 1273 ἀπερηφάνων
531 1175 710 1273 ἀνθρώπων
734 1176 877 1248 κατέλυε
902 1185 954 1248 καὶ
977 1177 1145 1278 ἀφῃρεῖτο
1167 1210 1233 1262 την

133 1278 291 1371 ἐξουσίαν·
315 1284 459 1347 homines
475 1282 579 1346 malos
589 1282 765 1364 puniebat,
785 1292 815 1345 et
831 1282 1040 1365 superborum
1063 1302 1164 1365 regno
1180 1283 1233 1345 de-

133 1383 291 1459 struebat,
314 1383 432 1445 autin
454 1381 540 1445 alios
562 1380 787 1463 transferebat.
835 1378 993 1444 Aristides
1018 1378 1051 1442 in
1076 1379 1232 1444 Panathe-

132 1481 220 1546 naico
237 1480 283 1545 ait
298 1500 369 1544 eum
386 1486 529 1565 suscepta
544 1477 696 1542 communi
711 1476 838 1543 humani
855 1477 979 1565 generis
996 1499 1071 1542 cura
1085 1477 1233 1543 meruisse
1245 1501 1326 1542 roan.
1336 1513 1371 1552 m

131 1578 165 1643 in
188 1579 274 1644 Deos
299 1578 422 1645 reterri.
475 1576 637 1642 Laudatur
660 1575 803 1642 similiter
820 1575 960 1642 Theseus
985 1576 1069 1661 quod
1094 1549 1337 1641 latrones¹⁸⁷’lm

134 1677 273 1752 Scirona,
291 1676 387 1753 Sinin,
406 1684 439 1741 et
456 1677 627 1740 Procusten
644 1674 812 1750 sustulerit,
828 1696 921 1759 quem
938 1673 981 1739 sic
998 1674 1038 1738 de
1054 1695 1089 1739 se
1104 1673 1233 1760 loquen-

133 1783 197 1840 tem
216 1778 425 1865 Suppliciter
441 1773 559 1840 inducit
576 1772 741 1860 Euripides
756 1775 848 1857 (vers.
868 1775 944 1849 340,
963 1774 1062 1857 341):

348 1894 464 1948 Pridem
478 1893 604 1948 facinora
617 1908 722 1946 nomen
735 1893 789 1947 hoe
804 1908 856 1963 per
872 1891 1010 1946 Graeciam

346 1980 418 2033 Mihi
433 1980 581 2043 dederunt,
596 1969 685 2033 ‘ultor
699 1984 731 2032 ut
746 1977 884 2032 scelerum
898 1994 989 2031 vocer.

134 2076 279 2144 Valerius
299 2079 456 2144 Maximus
472 2078 513 2142 de
536 2077 665 2142 eodem:
691 2079 848 2163 quioquid
870 2079 987 2162 ubique
1008 2078 1146 2142 monstri
1169 2089 1377 2148 autuman.

132 2180 353 2263 scelerisfut’t,
370 2181 490 2243 virtute
508 2179 614 2241 animi
631 2199 672 2241 ac
687 2178 800 2241 robore
817 2177 940 2240 deutra
958 2178 1155 2240 comminuit.
1243 2155 1311 2195 Μ

209 2281 231 2341 3
267 2277 319 2343 Sic
339 2298 401 2341 non
419 2275 596 2341 dubitamus
614 2274 689 2361 quin
704 2274 790 2360 justa
810 2273 873 2339 sint
893 2274 975 2339 bella
996 2274 1029 2338 in
1052 2295 1104 2339 eos
1124 2273 1178 2358 qui
1199 2272 1232 2337 in

131 2383 279 2462 parentes
293 2374 379 2460 impii
394 2384 475 2450 sunt,
498 2374 605 2460 quales
623 2373 772 2461 Sogdiani
793 2381 960 2458 antequam
977 2394 1030 2438 eos
1055 2372 1232 2437 Alexander
1244 2394 1396 2491 {iffiss‘ss'g

132 2473 213 2538 hanc
235 2474 392 2540 feritatem
414 2475 598 2540 dedeceret:
623 2472 656 2538 in
681 2494 734 2538 eos
759 2471 812 2558 qui
834 2469 989 2559 ⁷hcspites
1012 2471 1173 2537 occidunt:
1200 2492 1232 2536 tn
1245 2490 1339 2529 ronan·

131 2650 272 2709 Respondet
282 2650 402 2696 Theseus:
703 2661 792 2706 passus
800 2648 901 2705 injurie,
907 2661 955 2708 pro
966 2647 1024 2693 aliis
1035 2648 1060 2692 in
1070 2646 1173 2693 homines
1182 2660 1231 2692 raa·

153 2724 217 2766 Ὅσοι
225 2725 244 2776 γ’
252 2725 360 2776 ὑβρισταί·
370 2724 478 2777 χρηαυιὶδ1
487 2724 511 2766 οὗ
520 2723 642 2776 κολᾶζομεν.
706 2721 742 2767 los
752 2722 860 2781 impetum
869 2723 980 2781 tumebat,
995 2721 1064 2783 (pag.
1075 2726 1105 2769 37
1116 2721 1154 2782 0.)

154 2790 266 2839 stiffi*
291 2790 346 2828 ΝΜ
359 2790 423 2829 b⁰¹¹⁰⁸
434 2800 476 2829 '¹⁰¹¹
487 2790 594 2838 *mnu*
752 2797 921 2859 'Exemplum
939 2799 1013 2857 istud,
1031 2799 1096 2857 quod
1113 2798 1138 2843 in
1155 2798 1235 2858 prima

131 2868 275 2915 Plutarchus
298 2870 323 2915 in
344 2870 395 2930 ejus
414 2871 476 2916 vita:
501 2869 658 2924 ἀπήλλαττε
707 2871 819 2917 Editions
831 2872 929 2931 legitur,
944 2872 969 2916 in
982 2872 1035 2916 aliis
1048 2874 1158 2918 omnibus
1172 2871 1235 2919 exci-

131 2944 179 2999 την
188 2944 302 2990 Ἐλλάδα
312 2945 396 2991 δεινῶν
406 2944 658 3003 reservaremini
707 2946 783 2991 derat.
812 2945 897 3004 Neque
907 2945 970 2991 enim
981 2946 1084 2991 nllafnit
1093 2947 1156 2991 ratio
1167 2947 1234 2992 Auc-

131 3020 239 3078 tyrannis
270 3019 390 3067 Gratiam
419 3019 537 3066 liberauit.
578 3017 655 3066 Item:
707 3017 754 3063 tori
769 3017 894 3076 ejiciendi:
917 3021 943 3063 et
962 3019 987 3063 in
1009 3020 1089 3063 animo
1109 3019 1233 3075 habuerat,

131 3095 200 3140 οὐδὲν
213 3095 289 3141 αὐτὸς
301 3094 457 3151 ἀδικούμενος
470 3092 583 3150 ὅρμησεν
595 3092 657 3150 ὑπὲρ
707 3090 772 3150 quod
796 3091 826 3136 de
843 3090 963 3136 veteribus
983 3092 1077 3151 Scythia
1095 3092 1199 3138 ratenus
1218 3104 1234 3136 a

130 3168 217 3216 ἄλλων
233 3167 276 3215 ἐπὶ
295 3168 354 3213 τούς
373 3166 503 3223 πονηρούς·
526 3165 588 3210 nihil
608 3165 658 3223 ipre
708 3163 956 3223 tarracinaeve.
971 3164 1173 3225 Libsmpeoo.
1197 3164 1232 3212 0-

131 3417 205 3471 from
219 3416 324 3470 others.
357 3415 464 3470 Indeed
475 3416 498 3469 it
510 3415 533 3469 ia
548 3430 626 3469 more
643 3414 817 3470 honourable
836 3421 867 3470 to
882 3413 985 3486 punish
1001 3414 1051 3470 the
1071 3415 1185 3486 injurios
1201 3417 1236 3472 of

132 3503 227 3557 others
241 3501 311 3555 than
323 3516 394 3571 your
404 3517 475 3566 own,
487 3500 516 3554 in
530 3502 695 3571 proportion
707 3517 746 3563 as,
761 3501 791 3554 in
803 3517 874 3572 your
886 3517 956 3565 own,
967 3500 991 3555 it
1005 3503 1028 3555 is
1043 3507 1073 3556 to
1087 3501 1124 3556 ho
1135 3501 1232 3557 secred

132 3587 186 3640 lest
206 3603 223 3640 a
240 3602 342 3658 person
361 3603 433 3657 may,
448 3586 486 3656 by
500 3586 549 3641 the
571 3603 650 3641 sense
673 3586 706 3641 ol
723 3585 768 3640 his
782 3604 845 3643 own
860 3587 935 3658 pain,
952 3587 1044 3643 either
1056 3588 1160 3644 exceed
1175 3587 1231 3644 due

132 3688 267 3736 measure,
282 3689 315 3727 or
325 3673 423 3727 vitiato
437 3673 479 3727 his
494 3673 571 3726 mind
585 3673 651 3726 with
663 3673 771 3728 malice.

185 3765 202 3813 2
231 3759 296 3812 And
315 3776 353 3813 on
372 3758 428 3813 thia
448 3766 568 3813 account
590 3759 726 3814 Hercules
741 3760 763 3814 is
777 3759 889 3830 praised
909 3759 947 3829 by
970 3760 1020 3815 the
1039 3760 1166 3815 ancients
1186 3761 1232 3815 for

131 3843 235 3916 having
249 3845 329 3900 freed
344 3844 393 3900 the
413 3845 479 3899 land
500 3846 573 3899 from
593 3844 716 3911 Antaeus
736 3846 851 3909 Busiris,
870 3844 1031 3908 Diomedes,
1051 3846 1108 3899 and
1125 3846 1232 3899 similar

131 3936 257 3999 tyrants;
274 3929 385 4000 having,
396 3947 427 3984 aa
440 3932 548 3985 Seneca
558 3947 629 4002 says,
641 3931 741 4000 passed
753 3928 876 3999 through
887 3928 936 3982 the
948 3929 1015 3983 land
1027 3937 1078 3983 not
1089 3931 1119 3982 in
1130 3946 1232 3983 concu-

130 4015 268 4085 piscence,
283 4014 336 4068 but
353 4016 382 4067 in
397 4017 458 4084 just
472 4016 656 4086 indignerim,
671 4014 727 4068 and
741 4013 807 4068 thus
821 4014 906 4083 being
920 4012 969 4066 the
987 4013 1090 4066 author
1108 4013 1141 4066 ol'
1151 4019 1232 4083 great

131 4100 206 4169 good
218 4106 248 4153 to
260 4115 335 4153 man.
382 4101 421 4153 So
443 4101 549 4171 Lysim,
563 4100 712 4162 Diodorus,
724 4098 780 4152 Dio
795 4096 975 4162 Pnaoeensia
987 4096 1132 4151 Aristides.
1157 4097 1231 4152 The-

131 4201 195 4239 seus
220 4185 244 4238 is
269 4183 380 4255 praised
401 4185 431 4237 in
457 4185 514 4239 like
538 4200 655 4237 manner
675 4184 721 4235 sor
741 4183 886 4251 removing
906 4180 956 4236 the
978 4181 1094 4236 robbers
1124 4182 1232 4247 Sciron,

134 4270 217 4335 Sinis,
229 4270 285 4324 and
300 4270 457 4323 Procustes.
504 4271 559 4324 See
571 4268 729 4338 Euripides,
739 4266 870 4320 Valerius
882 4266 1028 4321 Maximus.

187 4363 204 4411 3
233 4355 311 4409 Thus
323 4371 364 4408 we
375 4353 412 4408 do
424 4360 474 4408 not
486 4353 575 4408 doubt
587 4353 649 4407 that
660 4370 717 4406 war
728 4353 751 4407 is
762 4354 823 4423 just
833 4352 942 4422 against
954 4351 1034 4407 those
1046 4352 1109 4407 srho
1120 4369 1169 4408 are
1180 4353 1232 4409 im·

132 4443 213 4514 pious
222 4443 331 4514 against
339 4440 414 4496 their
421 4445 551 4511 panentu
562 4439 631 4495 such
640 4455 670 4494 as
678 4438 727 4494 tho
737 4437 873 4511 Sogdiana
882 4454 962 4503 uere,
969 4437 1066 4494 before
1073 4439 1232 4495 Alexander
