3000 5062
297 309 361 371 138
507 316 560 371 DE
582 313 801 370 annuamus
824 312 872 368 Ao
896 311 1189 369 SPONSIONIBUS.
1275 309 1349 380 [nm
1360 313 1401 368 11.

296 476 473 545 hominibus
486 499 647 544 commune
662 486 719 555 est,
737 487 773 544 ut
795 476 969 567 Religionis
983 476 1147 544 discrimen
1161 498 1224 542 non
1245 475 1401 545 admittat

298 578 361 644 Sed
379 576 419 643 de
439 576 513 662 jure
532 576 638 642 divino
663 577 826 664 quaeritur,
847 599 887 643 ex
910 600 971 664 quo
996 578 1077 643 hanc
1103 577 1306 663 quaestionem
1321 586 1404 643 trac-

132 705 260 753 ηοω.
296 685 368 743 tant
384 672 460 743 ¹non
479 676 632 765 Theologi
653 685 784 754 tantum,
806 676 863 742 sed
886 686 920 743 et
935 678 957 743 J
960 676 1234 743 urisconsultorum
1250 677 1401 755 nonnulli,

133 753 283 884 ffiffid.
297 776 381 844 inter
398 798 476 863 quos
494 776 652 843 Oldradus
669 785 702 842 et
717 775 883 842 Decianus.

132 871 227 932 ww&
372 879 430 943 IX.
480 878 498 941 1
533 875 702 942 Videamus
726 875 859 963 primum
884 873 1015 961 dejure
1036 875 1142 943 divino
1167 874 1277 953 veteri,
1300 874 1403 941 acturi

297 976 411 1044 deinde
436 977 477 1042 de
502 997 592 1041 novo.
644 974 758 1053 Fedos,
782 996 845 1040 non
869 975 1001 1041 nocendi
1025 997 1126 1053 causa,
1154 997 1223 1041 cum
1250 974 1360 1041 ahenis
1382 997 1403 1040 a

297 1075 463 1165 Religione
479 1075 665 1141 contrahere
681 1083 755 1140 ante
772 1074 870 1140 Mosis
886 1075 987 1163 legem
1005 1074 1102 1141 licuit.
1148 1074 1339 1162 Exemplum
1353 1083 1402 1142 est

135 1201 286 1242 masan.
297 1174 331 1240 in
358 1175 466 1242 federe
491 1173 602 1242 Jacobi
629 1196 698 1239 curn
725 1174 873 1241 Labane:
899 1181 935 1239 ut
954 1173 1022 1260 jam
1047 1175 1088 1240 de
1117 1173 1296 1240 Abimeleco
1323 1174 1401 1239 nihil

133 1295 287 1383 ganum.
300 1273 409 1352 dicam,
443 1273 568 1361 quando
600 1295 664 1338 non
701 1272 778 1340 satis
811 1281 934 1339 constat
963 1296 1034 1338 eum
1066 1272 1161 1339 fuisse
1193 1273 1400 1339 idololatram.

298 1373 411 1459 Neque
442 1373 476 1439 id
512 1373 563 1438 lex
599 1394 657 1459 per
687 1374 808 1438 Mosem
845 1373 920 1439 data
959 1373 1101 1439 mutavit.
1152 1373 1307 1460 Exemplo
1338 1373 1402 1438 sint

134 1471 458 1560 minuanfflgypffi,
475 1471 561 1537 haud
586 1471 680 1538 dubie
704 1479 778 1538 tunc
803 1471 986 1539 idololatroe.
1037 1474 1107 1538 Hos
1128 1480 1234 1538 tamen
1260 1472 1402 1538 aversari

299 1580 448 1638 vetantur
466 1570 608 1637 Hebraei.
655 1570 838 1659 Excipiendi
861 1580 933 1639 sunt
947 1571 1054 1660 populi
1071 1579 1189 1659 septem
1210 1571 1316 1638 divina
1332 1594 1401 1637 sen-

298 1671 398 1737 tentia
426 1670 574 1749 damnati,
610 1670 697 1757 cujus
728 1670 891 1737 sententia
926 1681 1108 1737 executores
1139 1679 1231 1737 erant
1263 1670 1401 1760 delegati

132 1788 267 1875 gerent-1.
298 1770 471 1850 Israiilitae3
496 1793 569 1837 nam
596 1769 645 1836 his
671 1771 704 1836 in
730 1770 906 1837 idololatria
929 1771 1150 1857 perstantibus,
1176 1779 1208 1837 et
1236 1770 1401 1857 imperium

157 1845 210 1884 'm‘
298 1870 553 1947 detrectantibus,
571 1891 701 1957 parcere
717 1878 872 1949 vetantur,
892 1869 1004 1957 quibus
1028 1870 1137 1936 itidem
1152 1870 1278 1936 decreto
1296 1869 1401 1936 divino

133 1995 249 2035 mutnus.
255 1995 285 2043 17,
297 1969 397 2037 additi
411 1978 483 2036 sunt
500 1969 691 2036 Amaleclioe.

130 2044 211 2091 ‘um'
375 2072 396 2134 2
430 2069 554 2136 Fedcra
578 2090 702 2156 quoque
728 2069 991 2146 commerciorum,
1010 2077 1043 2136 et
1065 2090 1135 2155 quae
1156 2067 1206 2134 his
1225 2067 1337 2134 similia
1358 2067 1401 2134 ad

297 2166 463 2234 utilitatem
480 2190 681 2246 communem,
702 2176 757 2234 aut
782 2168 911 2234 alterins
931 2169 1031 2255 partis
1047 2168 1217 2256 pertinent,
1234 2167 1314 2233 inire
1330 2190 1400 2232 cum

297 2267 435 2355 profanis
457 2268 531 2333 licet
551 2289 609 2355 per
633 2266 755 2356 legem:
779 2266 855 2331 nihil
883 2267 963 2333 enim
989 2267 1147 2354 reperitur
1174 2266 1259 2354 quod
1285 2265 1399 2334 obstet.

131 2390 274 2432 asamar.
297 2368 340 2433 Et
367 2367 511 2454 exempla
540 2368 690 2432 habemus
715 2365 867 2443 sedarum,
896 2389 967 2452 quae
994 2365 1099 2432 David
1125 2373 1158 2432 et
1183 2366 1306 2432 Solomo
1329 2387 1400 2430 cum

297 2465 429 2531 Hiromo
450 2465 619 2554 Tyriorum
644 2486 720 2554 rege
742 2464 903 2531 fecerunt:
928 2486 965 2531 ac
987 2464 1157 2531 notandum
1176 2464 1211 2530 in
1232 2486 1322 2532 sacra
1335 2465 1399 2530 his-

131 2575 268 2624 mov-12
297 2564 379 2726 tIpria
395 2564 456 2630 dici
472 2564 562 2629 fedus
577 2562 636 2628 hoc
652 2584 672 2627 a
688 2562 852 2630 Solomone
868 2564 984 2631 factum
996 2565 1091 2653 juxta
1107 2563 1291 2653 sapientiam
1304 2585 1400 2651 quam

333 2684 386 2726 eus
403 2662 432 2727 ei
448 2662 588 2729 dederat.

130 2790 282 2877 3503„pr
372 2763 394 2825 3
428 2762 496 2826 Lex
513 2760 637 2847 quidem
655 2759 751 2826 Mosis
765 2760 941 2849 specialiter
952 2761 1086 2851 imperat
1101 2761 1284 2828 benefacere
1301 2783 1400 2850 popu-

132 2883 150 2921 r.
295 2858 423 2938 laribus,
442 2856 584 2949 ἀγαπᾷν
609 2856 672 2929 τᾶν
689 2856 847 2942 christon·
871 2869 1028 2949 praeterea
1053 2860 1216 2949 peculiaris
1243 2861 1343 2927 victus
1367 2871 1400 2928 et

295 2980 418 3024 morum
443 2959 524 3025 ratio
555 2960 579 3024 J
582 2959 677 3025 udaeis
703 2960 888 3047 proescripta
913 2960 1098 3026 familiarem
1125 2982 1195 3026 cnm
1224 2959 1400 3026 hominibus

295 3058 407 3124 ceteris
429 3058 681 3125 consuetudinem
706 3060 760 3126 vix
785 3060 973 3147 patiebatur.
1018 3061 1063 3126 At
1084 3058 1156 3125 hinc
1178 3081 1241 3125 non
1258 3058 1400 3146 seqnitur

293 3165 350 3223 aut
367 3158 549 3225 benefacere
574 3158 732 3225 extraneis
754 3180 817 3224 non
842 3158 973 3235 licuisse,
991 3167 1046 3225 ant
1071 3158 1165 3224 etiam
1185 3158 1341 3224 laudabile
1366 3158 1400 3223 id

292 3279 356 3323 non
382 3279 459 3337 esse,
485 3259 568 3345 quod
593 3258 675 3324 male
698 3256 771 3323 inde
794 3257 920 3346 collegit
944 3257 1151 3346 posteriorum
1176 3257 1399 3347 magistrorum

291 3432 299 3467 ¹
319 3434 377 3482 Non
394 3436 507 3495 Tbeclopi
524 3433 625 3495 tmuium]
648 3433 712 3481 Puta
722 3433 869 3490 Antoninus,
879 3432 1017 3494 Csjetanus,
1028 3431 1137 3487 Toletns,
1153 3430 1253 3489 uonna,
1263 3429 1400 3490 andenius,

765 3510 897 3557 Malderun.

291 3737 424 3776 common
436 3727 466 3777 to
478 3722 517 3776 all
528 3739 594 3776 men
608 3721 672 3777 that
685 3724 709 3777 it
723 3723 882 3794 recognizes
896 3741 935 3780 uc
950 3725 1114 3781 distinction
1124 3723 1158 3779 cf
1166 3721 1306 3794 Religion.
1339 3721 1400 3777 But

291 3806 341 3861 the
358 3808 487 3877 question
502 3808 524 3862 is
537 3814 589 3879 pnt
601 3824 638 3862 on
650 3808 700 3863 the
715 3809 825 3880 ground
841 3810 874 3864 of
885 3810 936 3865 the
949 3811 1053 3866 Divine
1067 3812 1143 3876 Lan,
1158 3808 1215 3864 and
1230 3824 1262 3864 so
1276 3807 1399 3873 treated,

291 3898 343 3947 not
361 3894 426 3965 only
437 3893 476 3966 by
488 3893 675 3966 Theologians
689 3896 741 3950 but
751 3895 909 3966 byturico,
921 3898 977 3951 and
990 3913 1094 3968 among
1105 3894 1193 3960 them,
1203 3894 1243 3968 by
1254 3893 1399 3948 Oldradus

289 3980 346 4033 and
358 3980 508 4036 Decianus.

347 4066 401 4120 IX.
449 4073 463 4120 1
493 4068 569 4122 First
583 4067 617 4122 of
630 4068 734 4123 Divino
753 4068 829 4124 Low.
875 4069 928 4124 We
943 4068 1016 4123 have
1033 4066 1175 4139 examples
1194 4064 1228 4120 of
1243 4069 1398 4120 corenants

289 4152 335 4207 for
352 4154 462 4207 mutual
476 4153 669 4220 forbearance,
690 4154 759 4208 with
776 4160 917 4225 strangors
935 4160 965 4209 tc
984 4159 1048 4209 truc
1066 4154 1206 4224 Religion,
1227 4149 1327 4206 before
1346 4148 1398 4205 the

288 4238 341 4292 law
370 4240 404 4292 cf
417 4241 519 4306 Moses,
545 4258 576 4295 as
598 4240 689 4296 Jacob
710 4241 777 4295 with
798 4241 905 4306 Laban,
925 4246 976 4294 not
997 4246 1028 4294 to
1053 4240 1141 4311 speak
1163 4236 1198 4293 of
1218 4235 1395 4291 abimelech.

288 4324 350 4378 The
364 4324 418 4377 law
433 4325 466 4379 of
477 4327 571 4381 Moses
586 4326 634 4380 did
648 4332 700 4380 not
712 4325 820 4398 change
831 4326 904 4381 this:
928 4326 974 4380 for
986 4325 1123 4397 example,
1136 4324 1187 4379 the
1199 4323 1335 4378 Hebrews
1347 4338 1398 4377 aro

287 4407 439 4464 forbidden
452 4417 483 4464 to
497 4416 572 4466 treet
591 4411 641 4467 the
658 4413 813 4484 Egyptians
828 4428 858 4468 cs
873 4412 1005 4467 enenrics.
1051 4410 1114 4466 The
1128 4425 1214 4465 seren
1227 4407 1351 4481 Peoples
1365 4406 1401 4462 of
