3000 5062
119 323 187 377 Car.
203 319 284 387 XX]
563 322 615 375 DE
638 321 774 375 POENIS.
1160 317 1222 376 305

122 482 276 546 bertatem
294 479 455 567 judicandi
472 487 568 568 auget
588 487 645 545 aut
665 479 785 556 minuit,
805 478 962 544 interdum
980 488 1013 544 ct
1033 480 1221 566 pravitatem

123 579 217 645 animi
235 578 379 645 ostendit.
425 579 566 657 Qualitas
583 578 696 664 partim
714 578 755 644 ad
772 600 890 667 genera
912 578 1106 664 appetituum
1123 580 1221 645 refer-

124 687 187 754 tur,
211 677 326 765 partim
347 678 389 743 ad
414 699 522 743 causas
539 698 610 762 quae
634 678 818 743 abstrahere
838 678 1029 763 apeccando
1055 678 1220 745 debebant.

126 776 292 855 Quantitas
316 797 439 863 quoque
464 776 506 841 ad
530 776 703 862 appetitum
726 776 892 841 reserenda
917 783 974 841 est.
1016 777 1157 843 Eventus
1179 778 1221 843 ad

124 897 232 941 causas
248 876 474 941 abstrahentes.

200 974 390 1040 XXXVIII.
443 973 550 1039 Solere
567 993 667 1059 posnoe
685 973 869 1060 expetendas
888 994 982 1039 causa
998 972 1081 1040 bella
1097 974 1218 1062 suscipi,

124 1083 157 1139 et
173 1095 269 1160 supra
286 1072 475 1138 ostendimus
492 1080 525 1137 et
541 1072 655 1158 passim
672 1071 785 1137 docent
801 1071 959 1138 historiae:
984 1094 1022 1137 ac
1038 1073 1219 1159 plerumque

123 1173 191 1237 haee
211 1193 304 1238 eausa
319 1171 420 1236 altera
442 1170 482 1235 de
503 1170 616 1235 damno
633 1170 810 1257 reparando
830 1170 993 1257 conjuncta
1013 1180 1070 1248 est,
1094 1173 1219 1257 quando

123 1270 205 1336 idem
222 1280 311 1336 actus
328 1278 360 1336 et
372 1269 500 1336 vitiosus
517 1268 577 1334 fuit
593 1277 626 1333 et
642 1268 788 1333 damnum
804 1268 908 1355 reipsa
922 1269 1036 1346 intulit,
1052 1292 1092 1335 ex
1108 1270 1220 1355 quibus

123 1370 244 1436 duabus
260 1368 461 1455 qualitatibus
479 1368 550 1433 duoe
566 1366 699 1432 diversae
716 1377 884 1432 naseuntur
899 1368 1113 1455 obligationes.
1145 1370 1177 1433 N
1179 1392 1219 1434 on

122 1490 189 1534 esse
213 1475 318 1533 autem
339 1467 422 1533 bella
441 1465 634 1551 suscipienda
659 1466 699 1530 oh
716 1465 829 1531 delicta
843 1466 962 1551 quaevis
984 1466 1060 1531 satis
1079 1476 1218 1534 constat:

121 1589 193 1632 nam
210 1589 251 1633 ne
274 1566 361 1654 leges
376 1565 501 1652 quidem
524 1586 610 1629 suam
627 1564 711 1629 illam
728 1565 886 1641 ultionem,
909 1586 980 1650 quae
995 1573 1064 1631 tuto
1087 1587 1144 1630 nee
1160 1566 1219 1631 nisi

121 1665 303 1731 nocentibus
319 1674 419 1740 nocet,
441 1662 584 1730 omnibus
598 1662 695 1749 culpis
710 1663 902 1749 impendunt
948 1664 1057 1738 Recte,
1074 1672 1111 1728 ut
1127 1664 1218 1729 modo

122 1763 264 1839 diximus,
294 1765 428 1849 Sopater
456 1770 604 1848 oportere
631 1761 685 1837 ait,
709 1783 747 1825 ea
776 1782 847 1846 quse
872 1760 992 1826 minora
1017 1770 1050 1826 et
1077 1760 1219 1849 vulgaria

121 1871 195 1927 sunt
210 1861 325 1927 delicta
340 1860 535 1935 dissimulari,
553 1881 615 1924 non
631 1858 789 1925 vindicari.

197 1961 353 2025 XXXIX.
397 1962 416 2024 1
453 1959 535 2024 Illud
552 1966 657 2023 autem
673 1958 756 2042 quod
780 1957 813 2022 in
830 1957 969 2024 oratione
983 1978 1042 2045 pre
1059 1958 1218 2024 Rhodien-

121 2059 206 2125 sibus
222 2081 242 2124 a
257 2060 376 2125 Catone
390 2058 505 2124 dietum
523 2057 591 2133 fuit,
607 2078 671 2121 non
686 2077 754 2121 esse
771 2077 892 2141 aequum
909 2078 1016 2143 poenas
1032 2078 1217 2143 quemquam
1230 2076 1283 2117 osu
1293 2077 1355 2117 ma

121 2158 198 2225 dare
223 2158 263 2224 ob
288 2180 356 2223 eam
382 2179 450 2222 rem
475 2155 558 2242 quod
583 2161 736 2242 arguatur
760 2155 842 2220 male
867 2155 970 2220 Iacere
995 2155 1136 2232 voluisse,
1162 2178 1218 2221 suo

120 2256 245 2342 quidem
261 2256 328 2321 loeo
345 2277 407 2320 non
430 2255 509 2319 male
527 2261 596 2319 erat
613 2252 757 2339 positum,
781 2253 986 2338 quianullum
1009 2254 1114 2340 populi
1132 2254 1219 2319 Itho-

121 2354 236 2420 diensis
252 2354 412 2419 decretum
428 2352 546 2417 adferri
561 2359 695 2438 poterat,
720 2351 776 2417 sed
792 2351 886 2416 animi
909 2352 1086 2417 fluctuantis
1101 2352 1219 2439 conjec-

121 2462 220 2519 turat:
246 2451 464 2518 universaliter
489 2460 593 2516 autem
624 2451 682 2514 hoc
704 2450 915 2537 recipiendum
940 2458 1084 2516 nonest.
1135 2451 1218 2515 Nam

120 2553 264 2618 voluntas
289 2572 359 2636 quae
380 2550 421 2616 ad
441 2560 586 2616 externos
608 2556 697 2614 aetus
722 2549 871 2636 processit
894 2549 1047 2632 (internos
1070 2548 1151 2615 enim
1177 2550 1218 2616 ab

119 2728 144 2773 tn
159 2727 237 2775 rueris
249 2726 359 2786 publicis.
383 2725 555 2785 (Pagssttbs.)
580 2724 644 2771 cum
695 2728 734 2771 tor
750 2725 823 2772 tacite
836 2726 945 2785 sequitur
961 2727 1151 2773 emendationem
1168 2740 1221 2774 ree-

119 2804 156 2848 his
173 2802 284 2848 convenit
305 2800 369 2860 qnod
386 2814 416 2845 ex
433 2799 545 2845 Labeone
565 2799 644 2844 adfert
695 2804 745 2845 tam
760 2802 890 2860 (quidquid
906 2802 970 2847 dicat
980 2807 1112 2861 perpetuus
1125 2803 1219 2848 obtrec-

119 2875 262 2935 L'lpianusl.
278 2874 459 2932 prmtoredixit
473 2876 497 2919 7.
512 2873 537 2917 in
552 2872 599 2918 fine
611 2872 643 2917 D.
695 2877 760 2919 tator
777 2875 834 2920 Gul.
851 2876 987 2931 Feruerlus,
1008 2878 1090 2924 Select.
1107 2891 1124 2924 1.
1141 2881 1178 2924 21.
1195 2882 1221 2925 et

118 2951 148 2997 de
158 2950 258 3009 tnjuriis.
278 2950 387 2995 Persona
396 2948 502 2993 atrocior
509 2947 644 3005 injerr'ustt,
694 2953 750 3005 post
757 2962 811 2993 eum
817 2949 858 2993 alii
866 2950 1008 3009 praejudIciis
1015 2952 1138 3008 obeaeesti)
1149 2953 1220 2997 Sum·

118 3022 363 3083 atcammwv'stmtui,
374 3022 533 3081 rumperenti,
539 3026 643 3079 patrone
694 3022 728 3067 nei
741 3022 855 3077 Cuuneu,
871 3024 913 3081 qui
930 3037 975 3080 pro
990 3024 1111 3069 Proetere'e
1126 3025 1151 3068 in
1165 3039 1220 3071 con.

109 3100 177 3157 stab·
193 3104 300 3157 tempore,
314 3098 337 3143 ei
352 3095 416 3142 IudIe
429 3101 451 3141 et
466 3096 491 3139 ia
505 3099 642 3153 sempecta:
692 3101 779 3154 φασιν,
794 3096 923 3153 legendum
939 3097 1041 3151 censuit,
1061 3097 1152 3155 Populi
1168 3098 1220 3143 Re·

117 3189 172 3221 aenv
182 3173 268 3234 pepuli
279 3171 381 3218 Remeat
396 3172 421 3215 r'n
436 3173 557 3227 cenepectu
572 3182 604 3213 en
618 3168 643 3213 ia
693 3171 759 3215 aveas·
768 3170 793 3214 in
803 3174 933 3227 conspecta
949 3182 1101 3229 erroremque
1111 3183 1141 3216 ex
1153 3172 1221 3232 eiglts

116 3250 243 3296 solitudine
256 3247 346 3304 injuria
355 3246 429 3305 saeta
443 3245 484 3297 ev't,
499 3244 595 3289 multura
604 3242 641 3286 ta·
693 3248 773 3289 ortum
784 3243 964 3290 demonstravit.
993 3243 1021 3290 J.
1028 3242 1074 3303 B.]

117 3330 200 3371 teresse
209 3322 254 3370 eit.
274 3321 316 3381 [In
326 3320 371 3365 hae
377 3318 443 3377 hege
450 3316 570 3362 hndunda
576 3316 643 3363 Aac.

118 3565 245 3634 damage,
259 3561 339 3617 when
354 3561 403 3617 the
417 3578 494 3617 seme
508 3567 554 3617 act
575 3579 630 3617 vvas
644 3562 714 3617 both
732 3564 837 3619 violeus
853 3563 909 3619 and
927 3563 1071 3636 produced
1085 3563 1218 3636 damage:

118 3648 192 3703 from
211 3648 301 3702 vtheh
322 3653 375 3702 tuve
397 3647 526 3720 quailties
541 3655 596 3703 tvve
614 3648 745 3705 different
760 3650 928 3721 obligations
942 3651 1022 3706 arise.
1061 3649 1135 3705 That
1150 3666 1220 3705 vvars

118 3751 167 3790 are
181 3740 232 3789 not
247 3740 276 3789 ιο
288 3734 324 3789 be
337 3735 513 3789 undertaken
525 3734 571 3789 fer
583 3752 666 3806 every
677 3736 758 3800 fault,
771 3736 794 3790 is
812 3737 928 3791 obvious
943 3735 1053 3808 enough
1064 3756 1072 3801 3
1089 3736 1134 3791 for
1148 3753 1220 3791 even

117 3819 167 3874 tho
179 3819 244 3874 lava
262 3819 299 3874 do
314 3827 364 3875 not
379 3821 464 3892 apply
476 3820 551 3875 their
569 3821 719 3876 vindIctive
734 3823 881 3893 operation
896 3830 926 3877 to
946 3822 984 3876 all
998 3822 1093 3887 faults,
1111 3820 1220 3893 though

117 3904 185 3974 they
194 3905 260 3974 only
268 3904 349 3957 herm
361 3905 410 3959 the
421 3906 520 3975 guilty.
551 3905 618 3959 This
633 3906 753 3977 isright,
764 3923 795 3960 as
807 3924 848 3961 πο
859 3907 930 3961 have
942 3906 1010 3960 said.
1040 3907 1079 3960 So
1089 3907 1218 3975 Sopater.

171 3988 313 4041 XXXIX.
352 3996 366 4042 1
388 3989 475 4043 What
487 3990 557 4044 Cato
569 3990 628 4043 said
641 3990 686 4044 t'or
697 3989 747 4044 the
758 3989 912 4054 RhodIans,
924 3989 986 4045 that
997 3991 1021 4043 it
1032 4006 1087 4043 vras
1098 3996 1149 4043 not
1158 3991 1220 4057 just

117 4071 180 4127 that
199 4089 217 4125 a
236 4088 339 4141 person
353 4071 454 4127 should
469 4074 505 4127 be
519 4073 658 4145 punished
674 4074 719 4127 for
738 4073 788 4128 the
809 4075 862 4127 evil
882 4073 972 4127 vvhieh
989 4074 1026 4127 he
1040 4090 1095 4127 vves
1110 4072 1220 4143 alleged

118 4158 184 4228 only
199 4163 230 4211 to
244 4156 316 4210 have
331 4156 434 4210 wished
449 4163 479 4210 to
494 4157 540 4221 do,
562 4174 617 4211 was
631 4164 682 4211 net
702 4158 733 4211 ill
748 4163 800 4227 put
814 4158 844 4210 in
856 4159 892 4211 ite
907 4174 969 4211 ovvn
991 4157 1080 4228 place,
1099 4157 1220 4212 because

117 4258 154 4296 ne
170 4242 270 4296 deorse
283 4240 316 4293 of
328 4240 376 4294 the
391 4239 536 4294 Rhodians
551 4239 705 4311 [deelaring
718 4259 775 4294 war
792 4243 902 4311 against
916 4240 966 4295 the
979 4239 1125 4307 Romana]
1135 4242 1220 4296 could

116 4327 153 4382 be
168 4326 305 4389 addueed,
318 4326 369 4379 but
390 4325 456 4395 only
470 4326 643 4393 conjectures
664 4327 696 4379 of
711 4343 730 4379 a
747 4326 913 4397 fluctuatIng
934 4326 1028 4381 miud:
1047 4327 1100 4381 but
1118 4326 1173 4381 this
1195 4327 1220 4381 is

116 4418 168 4467 not
186 4410 355 4482 universully
367 4416 397 4465 to
409 4409 446 4466 be
458 4408 595 4464 received.
639 4410 696 4464 For
710 4409 760 4466 the
773 4411 831 4465 vrill
844 4410 936 4467 vtheh
947 4411 999 4468 hes
1012 4411 1170 4485 proeeeded
1188 4418 1218 4468 to

219 4568 336 4655 [onor.
356 4568 406 4657 va]
1073 4522 1117 4585 2⁰
