3000 5062
284 308 347 371 106
649 317 702 373 Dll
724 315 1016 372 JUREJURANDO.
1262 312 1336 382 [Lm.
1350 314 1387 370 IL

282 479 328 548 ris
342 479 462 547 actibus
484 487 642 568 posuerat,
666 479 785 558 tollere,
808 478 835 546 si
850 479 1063 568 juramentum
1085 486 1141 546 aut
1160 478 1384 566 qualecunque,

282 588 340 647 aut
363 587 449 647 certa
473 580 575 647 forma
598 579 783 647 accesserit:
807 580 892 667 quod
912 581 1064 645 Romanoe
1085 578 1172 668 leges
1192 579 1336 647 fecerunt
1352 580 1385 646 in

282 678 321 746 iis
346 671 584 767 impedimentis,
612 701 683 767 quoe
708 701 772 745 non
798 679 917 746 directe
942 678 1107 766 publicam,
1137 677 1194 744 sad
1225 679 1383 766 privatam

278 779 415 866 jurantis
439 779 607 847 utilitatem
626 786 777 868 spectant.
831 778 968 857 Quodsi
990 779 1057 856 fiat,
1085 777 1202 845 valebit
1223 787 1313 845 actus
1330 779 1382 867 ju-

282 887 371 945 ratus
394 901 431 945 eo
458 879 550 946 modo
572 901 634 966 qno
655 877 841 946 naturaliter
862 877 942 945 citra
964 878 1066 967 legem
1086 878 1254 944 humanam
1277 878 1382 945 fuerat

283 978 445 1056 valiturus,
478 987 535 1045 aut
566 979 660 1045 fidem
693 986 816 1045 tantum
849 977 1083 1066 obstringendo‚
1116 985 1172 1043 aut
1199 977 1253 1063 jus
1286 977 1381 1044 ctiam

282 1077 386 1145 dando
411 1077 513 1156 elteri,
538 1099 597 1166 pro
622 1077 748 1145 diversa
771 1085 897 1143 actuum
919 1086 1044 1154 natura,
1071 1098 1142 1163 qua
1166 1076 1240 1142 alibi
1256 1098 1277 1142 a
1293 1076 1382 1143 nobis

280 1176 436 1265 explicata
451 1184 507 1243 est.

279 1323 282 1327 »
357 1277 448 1342 ΧΧΙ.
501 1279 521 1341 1
555 1275 736 1342 Notandum
753 1275 804 1341 hic
820 1283 869 1341 est
886 1274 995 1352 obiter,
1013 1275 1098 1362 qnod
1114 1274 1147 1339 in
1165 1273 1283 1341 Christi
1299 1295 1380 1362 prac-

281 1374 380 1462 ceptis
398 1383 431 1441 et
450 1375 535 1460 apud
559 1375 713 1440 Jacobum
736 1375 776 1440 de
796 1397 859 1440 non
874 1374 1011 1463 jurando
1031 1373 1154 1451 dicitnr,
1172 1374 1299 1462 proprie
1319 1396 1381 1440 non

281 1474 325 1540 ad
344 1472 544 1541 assentorium
562 1473 785 1559 juramentum,
803 1470 906 1560 tcujus
930 1474 1015 1561 apud
1040 1474 1172 1539 Paulum
1196 1474 1381 1560 Apostolum

282 1573 427 1661 exempla
453 1580 579 1639 enatant
598 1571 726 1659 aliquot,
750 1573 806 1640 sed
830 1573 872 1638 ad
895 1573 1126 1661 promissorium
1147 1574 1247 1639 futuri
1268 1573 1381 1640 incerti

283 1673 451 1760 pertinere.
503 1671 648 1738 Ostendit
676 1672 735 1738 hoc
761 1672 923 1739 evidenter
948 1672 1100 1758 oppositio
1126 1672 1179 1737 illa
1209 1672 1242 1738 in
1274 1672 1380 1739 verbis

283 1771 422 1840 Christi:
447 1774 591 1839 audatis
608 1773 733 1838 dictum
748 1775 904 1857 antiquis,
922 1795 987 1838 coc
1004 1773 1177 1857 moabie,
1194 1774 1251 1838 aed
1266 1775 1381 1840 reddes

281 1874 426 1938 Domino
445 1873 679 1957 jurameutum.
734 1874 810 1958 Epo
842 1894 918 1938 vero
949 1874 1024 1938 dico
1055 1873 1153 1949 cobis,
1187 1874 1241 1938 Nc
1265 1873 1380 1956 jurate

281 1972 420 2038 omnino.
472 1972 517 2037 Et
541 1969 623 2037 ratio
649 1991 744 2056 qnam
763 1970 902 2037 Jaccbns
924 1969 1052 2056 adjicit:
1077 1968 1122 2051 wi
1145 1971 1189 2040 cis
1213 1967 1380 2063 ὑπόκρισιν

281 2065 423 2152 πέσητε,
439 2068 473 2137 id
498 2078 555 2148 est,
581 2071 782 2155 casellaco:
799 2072 1016 2136 inveniamini
1028 2093 1040 2132 .·
1064 2091 1137 2134 nam
1160 2090 1231 2135 enm
1256 2092 1380 2135 sensum

281 2190 345 2234 vox
361 2166 557 2263 ὑποκρίσεως
571 2169 657 2256 apud
669 2168 863 2235 Hellenistae
874 2169 981 2244 habet,
994 2176 1031 2234 ut
1043 2175 1177 2256 apparet
1189 2170 1262 2235 Job.
1274 2168 1378 2235 xxxiv.

279 2269 345 2345 303
371 2268 487 2335 Matth.
504 2268 589 2334 xxiv.
607 2270 662 2348 51,
679 2276 714 2334 et
728 2267 812 2334 alibi.

357 2370 388 2433 2·
414 2367 501 2434 ldem
525 2366 641 2433 evincit
662 2367 741 2432 illud
765 2367 799 2431 in
825 2365 942 2433 Christi
965 2365 1079 2445 verbis,
1096 2360 1189 2436 ἔστω
1212 2359 1246 2435 δὲ
1273 2363 1380 2457 λόγος

280 2463 377 2546 ὑμῶν,
410 2466 461 2536 vol
496 2465 558 2549 val,
588 2461 625 2535 οὒ
649 2462 697 2542 οὔ,
723 2463 807 2551 quod
832 2465 877 2531 sic
905 2466 1043 2531 ,lacobus
1070 2465 1213 2552 explicat,
1244 2459 1317 2548 ἤτω
1345 2458 1379 2535 δὲ

281 2563 365 2647 ὑμῶν
394 2562 437 2633 ‘rai
467 2565 518 2634 ucri
548 2563 610 2642 vol,
639 2563 692 2632 rai
720 2561 763 2631 *ro*
796 2560 832 2632 orl
863 2559 918 2633 cii·
943 2564 999 2631 ubi
1025 2565 1189 2632 manifeste
1209 2575 1259 2632 est
1277 2565 1381 2656 figura

115 2681 268 2775 paranate
282 2684 376 2749 quam
399 2659 529 2745 πλοκὴν
553 2663 697 2729 rhetores
723 2672 846 2742 vocant,
874 2672 911 2730 nt
934 2663 967 2729 in
988 2662 1061 2731 illc:

469 2783 512 2837 Ex
526 2782 575 2837 illo
592 2781 723 2855 Corydon
738 2782 869 2856 Corydon
884 2789 927 2839 est
942 2789 1070 2855 tempore
1085 2784 1175 2840 nobis.

115 2888 254 2983 maffia
279 2880 322 2946 Et
337 2877 370 2945 in
387 2878 487 2947 altero
504 2878 614 2946 simili:
641 2882 687 2945 ad
702 2881 798 2945 illum
814 2884 901 2947 dion
913 2884 1090 2948 Memmius
1107 2894 1179 2948 erat
1193 2883 1379 2950 Memmius.

113 2981 234 3074 mm
323 3045 332 3077 t
358 3041 433 3101 Cujus
449 3042 517 3104 apud
537 3040 643 3089 Paslm
666 3042 806 3101 Apostolum
855 3041 1268 3100 831.Thsss.il.5;1.'1*lm.ii.i.

276 3118 384 3178 exempla
407 3123 500 3165 οτιιοιιι
518 3115 622 3178 aliqrsot]
649 3117 720 3163 Rom.
740 3117 758 3162 i.
775 3118 805 3175 9:
901 3115 990 3163 'Vide
1000 3115 1029 3162 L.
1040 3115 1135 3176 39.§1.
1146 3117 1178 3162 D.
1189 3117 1323 3178 DcLepat.
1339 3132 1380 3166 ιιι.

275 3193 387 3252 lx.1;11.
400 3190 634 3251 Corintht23311.
647 3193 693 3251 s1;
710 3190 773 3240 Phil.
787 3191 803 3238 i.
856 3190 886 3238 L.
897 3189 973 3250 1.§2.
999 3190 1239 3252 Del'arb.0bliqat.
1268 3192 1340 3243 J.B.

330 3410 348 3458 4
374 3404 489 3459 Human
510 3405 577 3459 Las:
598 3422 663 3477 may
685 3405 752 3460 talrs
777 3421 856 3475 away
876 3402 926 3458 tho
948 3401 1134 3474 impediment
1157 3399 1254 3469 which
1274 3399 1298 3455 it
1322 3399 1381 3455 had

274 3489 385 3544 thrown
398 3492 427 3542 in
439 3490 489 3543 the
502 3506 563 3561 way
572 3490 606 3544 of
617 3491 724 3545 certain
738 3495 807 3554 acts,
820 3491 846 3543 if
857 3506 893 3544 an
904 3488 979 3553 cath,
990 3487 1082 3542 either
1095 3489 1124 3541 in
1138 3486 1262 3559 general,
1272 3502 1305 3541 or
1318 3487 1348 3540 in
1362 3503 1381 3540 a

275 3573 431 3644 particular
444 3574 572 3636 form,be
586 3573 768 3628 introduced:
786 3574 876 3629 which
890 3574 940 3629 tha
949 3575 1060 3628 Roman
1072 3573 1140 3627 Law
1151 3572 1200 3626 did
1212 3573 1242 3625 in
1253 3571 1304 3626 the
1316 3588 1381 3627 oasa

276 3656 311 3711 cf
322 3656 402 3711 those
414 3658 611 3726 impedimenta
622 3657 712 3712 which
723 3659 834 3730 regard,
849 3665 900 3714 not
911 3659 1031 3732 directly
1042 3658 1137 3731 public
1152 3657 1256 3730 utility,
1266 3656 1320 3712 bnt
1331 3656 1382 3712 the

276 3740 386 3813 privato
399 3741 494 3812 utility
508 3742 543 3797 ct
556 3743 606 3797 the
620 3759 748 3798 swearer.
783 3744 848 3798 And
861 3744 889 3798 if
899 3744 956 3799 this
970 3744 1006 3800 ba
1021 3744 1104 3809 done,
1118 3742 1168 3798 the
1181 3749 1228 3798 act
1242 3758 1274 3798 sc
1288 3758 1381 3798 swcrn

276 3826 333 3879 vill
347 3825 384 3880 be
398 3825 473 3880 valid
485 3827 514 3880 in
526 3827 575 3883 the
586 3845 663 3884 samo
675 3844 793 3883 manner
806 3845 837 3885 as
847 3830 870 3884 it
881 3829 983 3895 would,
994 3829 1113 3885 without
1120 3829 1170 3884 the
1180 3828 1296 3883 Human
1304 3826 1381 3893 Lau,

275 3911 349 3967 have
363 3913 436 3968 boen
451 3912 526 3967 ralid
541 3914 579 3985 by
598 3914 721 3969 Natural
735 3915 816 3980 Law:
839 3914 930 3970 either
944 3915 1012 3988 only
1025 3914 1064 3986 by
1078 3914 1196 3985 binding
1209 3912 1283 3985 good
1298 3913 1381 3978 tuith,

275 4015 309 4054 or
323 3998 361 4070 by
374 3999 469 4070 giving
482 4015 500 4053 a
515 3999 592 4071 right
610 4005 641 4054 ιο
660 3999 789 4066 another,
806 4000 956 4072 according
975 4007 1006 4055 ιο
1020 4000 1070 4055 the
1085 4000 1217 4056 different
1230 4004 1333 4054 nature
1349 3999 1384 4053 cf

276 4082 345 4140 such
359 4093 428 4150 acts,
442 4101 474 4139 aa
485 4085 599 4156 already
614 4085 770 4157 explained.

328 4171 411 4226 XXI.
447 4177 461 4224 1
480 4170 546 4225 Itis
560 4170 629 4226 here
640 4177 671 4226 to
683 4171 720 4227 bo
733 4171 819 4227 noted
832 4171 861 4226 in
873 4172 994 4244 passing,
1006 4171 1069 4227 that
1080 4169 1156 4226 what
1170 4170 1194 4226 is
1208 4167 1271 4225 said
1284 4169 1315 4223 ln
1329 4167 1381 4224 the

274 4262 406 4328 precepta
420 4256 455 4310 cf
461 4254 563 4320 Christ,
570 4257 627 4311 and
638 4257 669 4311 in
684 4257 718 4312 st
729 4258 835 4322 dames,
846 4257 879 4313 of
887 4264 939 4313 not
949 4258 1094 4329 swearing,
1105 4255 1174 4312 does
1185 4260 1237 4311 not
1245 4255 1380 4328 properly

275 4342 361 4412 apply
379 4348 411 4396 to
425 4357 463 4394 an
480 4341 547 4395 cath
562 4342 596 4397 of
606 4344 751 4410 assertion,
775 4343 809 4398 of
822 4343 913 4398 which
930 4343 1012 4399 there
1030 4360 1079 4398 are
1096 4359 1175 4397 some
1192 4341 1335 4413 exemplos
1349 4340 1380 4394 in

276 4424 311 4480 St
324 4427 397 4480 Paul
415 4425 535 4494 himself,
550 4428 601 4485 but
620 4435 650 4486 ιο
664 4446 702 4485 an
721 4429 789 4486 cath
805 4429 839 4486 cf
853 4429 976 4501 promise
990 4429 1058 4485 with
1072 4428 1174 4500 regard
1186 4432 1216 4484 to
1229 4442 1267 4482 an
1278 4441 1380 4482 uncer-
