3000 5062
125 333 301 402 cmxvi]
451 336 503 389 nn
526 336 903 393 rnvnnrnarnrronn.
1169 331 1228 399 171

124 525 194 571 cum
213 501 358 588 Philippo
381 500 588 566 Macedonum
611 522 697 589 rege,
717 503 801 587 quod
828 525 897 568 cum
919 504 1051 570 Perseus
1068 502 1135 591 ejus
1151 503 1232 571 filins

123 602 167 669 ad
183 623 216 668 se
234 601 391 688 pertinere
406 607 547 688 negaret,
566 600 681 665 bellum
698 622 735 666 eo
752 601 875 667 nomine
896 611 1039 669 exortum
1056 611 1112 670 est
1165 604 1230 670 Sed

124 710 158 769 et
172 700 235 767 alia
251 699 357 775 verba,
375 706 408 764 et
429 698 497 786 ipsa
521 698 679 765 interdum
700 700 833 766 materia
858 701 1067 787 conjecturam
1084 702 1229 790 suppedi-

124 801 237 868 tabunt
253 820 316 864 non
331 797 575 885 improbabilem.
659 828 665 837 ·

202 902 223 963 3
259 899 352 976 Quod
376 897 402 962 si
423 918 516 984 pares
534 895 597 962 sint
612 896 646 960 in
663 903 829 983 utrumqne
846 896 1042 984 conjectura,
1060 899 1226 986 supererit,

125 1002 179 1064 ‘ut
195 995 379 1063 favorabilia
403 995 571 1061 credantur
594 1016 661 1060 esse
685 995 792 1073 realia,
810 995 918 1062 odiosa
940 1019 1015 1062 vero
1040 999 1224 1085 personalia.

127 1097 253 1163 Fedcra
269 1095 353 1183 pacis
370 1115 462 1160 musa
478 1093 569 1170 facta,
589 1102 647 1159 aut
662 1094 923 1171 commerciorum,
940 1095 1124 1163 favorabilia
1138 1106 1222 1164 eunt.

127 1197 206 1275 Quo
227 1194 301 1261 belli
325 1214 428 1270 causa
446 1214 508 1257 non
530 1192 637 1258 odiosa
661 1192 773 1269 omnia,
799 1201 835 1259 ut
855 1194 980 1279 quidam
1004 1204 1141 1272 censent,
1169 1197 1226 1263 sed

126 1292 310 1387 ἑπιμαχῖαι,
327 1292 360 1357 id
377 1300 434 1369 est,
450 1290 560 1357 federa
580 1292 688 1357 tuendi
710 1313 744 1358 se
764 1314 867 1370 causa
885 1293 1013 1380 propius
1029 1295 1071 1360 ad
1085 1295 1226 1361 favorem

126 1393 286 1470 accedunt,
305 1388 484 1484 ξυμμαχὶαι
508 1390 608 1478 magis
631 1390 674 1456 ad
695 1411 801 1457 onera.
854 1392 905 1457 Ad
922 1414 993 1478 quse
1009 1394 1127 1461 accedit
1143 1394 1229 1480 quod

126 1491 289 1557 insedere
313 1491 354 1557 ad
379 1491 494 1556 bellum
519 1489 659 1576 quodvis,
684 1490 881 1577 praesumitur
905 1492 986 1557 ratio
1008 1493 1118 1560 habita
1138 1497 1230 1581 rpru·

127 1590 241 1657 dentice
265 1599 300 1657 et
323 1589 448 1676 pietatis
474 1588 540 1674 ejus
562 1588 684 1674 quicum
709 1589 824 1676 agitur,
842 1597 878 1655 ut
902 1590 955 1676 qni
978 1613 1041 1656 non
1057 1592 1149 1658 modo
1166 1613 1230 1657 non

127 1688 249 1776 injuste,
268 1689 324 1755 sed
340 1711 397 1754 nec
413 1697 531 1753 temere
548 1688 663 1753 bellum
680 1698 878 1775 suscepturus
895 1688 1065 1756 videretur.

201 1792 224 1853 4
260 1788 352 1867 Quod
371 1809 446 1853 vero
472 1785 533 1852 dici
555 1786 644 1866 solet,
668 1785 831 1853 societates
853 1795 954 1853 morte
975 1787 1067 1866 finiri,
1085 1789 1146 1853 huc
1168 1808 1373 1853 nonnarum

128 1888 255 1954 adfero:
281 1886 419 1974 pertinet
441 1885 523 1951 enim
550 1886 609 1949 hoc
629 1886 671 1950 ad
692 1885 855 1951 societates
875 1886 1026 1973 privatas,
1043 1895 1076 1952 et
1087 1886 1168 1973 juris
1184 1861 1338 1953 estana

128 1985 234 2053 civilis.
286 1987 366 2051 June
391 2006 468 2073 ergo
496 2004 537 2049 aa
571 1982 685 2069 injuria
714 1983 908 2061 'Fidenates
937 1980 1064 2062 ‘Latini
1095 1984 1231 2063 Etrusci,

128 2084 283 2151 Sabinis
309 2084 416 2150 federe
444 2082 642 2148 discesserint
671 2082 802 2147 mortuis
830 2082 973 2160 Romulo,
1004 2083 1105 2162 Tullo,
1133 2085 1231 2161 Anco,

126 2271 208 2304 aarum
224 2272 268 2304 rea
286 2270 369 2302 monas
386 2254 505 2301 Armeniis
521 2253 656 2312 iniectabat,
703 2254 789 2301 tiniani
801 2255 877 2315 pactis
889 2270 943 2303 cum
959 2257 1085 2304 Saracenis
1099 2258 1154 2304 vide
1166 2258 1232 2318 apud

128 2332 212 2379 eoead
224 2345 292 2377 nmen
305 2331 417 2376 ditionem
430 2329 657 2387 exinteproeocare
703 2329 863 2376 Menandrum
889 2332 1057 2378 Protectorevn.
1086 2332 1157 2393 (Cap.
1185 2333 1233 2391 la.)

127 2408 153 2453 ei
168 2406 244 2452 nimia
255 2418 397 2465 properans,
411 2404 454 2449 sed
472 2403 574 2459 injectu
598 2417 655 2449 eua-
703 2404 839 2463 Addequte
850 2405 955 2451 Helvetii
964 2410 1093 2452 sumantur
1102 2411 1158 2466 post
1168 2420 1233 2453 mor·

127 2484 204 2530 εωιᾱυ
213 2482 276 2543 quod
285 2486 341 2541 post
351 2480 452 2526 londoni
467 2493 656 2535 execestrensem
703 2482 753 2524 tem
768 2479 866 2524 Henricl
880 2480 929 2525 111.
946 2481 1010 2539 apud
1028 2481 1155 2526 Thurinum
1171 2481 1233 2527 libro

129 2557 400 2618 quosednefimacerut
410 2559 432 2600 et
440 2567 532 2612 paean
542 2554 605 2599 nihil
614 2552 655 2598 ot·
704 2567 786 2599 xcvu.
797 2555 823 2599 in
834 2569 897 2601 anno
908 2556 953 2602 clo
964 2556 993 2601 Io
1005 2568 1119 2604 nxxxvx.
1137 2555 1200 2603 Vide
1207 2564 1234 2603 et

128 2637 193 2677 stare
209 2631 298 2687 ddeat,
315 2644 361 2689 quo
373 2629 449 2675 minue
461 2642 491 2674 ea
506 2634 657 2688 recuperaret
703 2629 821 2689 insignem
830 2630 909 2676 locum
919 2632 983 2691 apud
996 2630 1143 2678 Camdenum
1154 2631 1178 2677 ln
1189 2646 1233 2678 an-

129 2720 178 2767 que
200 2710 255 2751 ante
275 2705 310 2751 ud
328 2703 430 2761 naiores
448 2717 503 2748 succ
514 2704 657 2762 pertinuisse
704 2717 736 2749 no
747 2706 792 2750 olo
803 2705 982 2751 lonxxn.ubi
997 2706 1118 2753 desedere
1133 2706 1234 2766 antiquo

129 2781 282 2828 merome
302 2779 376 2840 (Cap.
389 2778 427 2837 4.)
442 2778 534 2824 Similia
548 2779 578 2825 de
597 2777 656 2824 Jus-
707 2779 832 2825 Gallorum
843 2794 898 2826 cum
911 2780 998 2828 Sectis.

130 3025 233 3096 Philip,
247 3025 346 3090 which,
366 3026 447 3082 when
462 3028 582 3081 Perseus
596 3027 640 3081 his
654 3042 706 3081 son
725 3027 838 3082 refused
856 3035 886 3082 to
905 3027 1103 3099 aclrnowledge
1123 3045 1154 3083 aa
1168 3046 1233 3101 per·

130 3111 238 3182 taining
252 3117 282 3166 to
296 3110 364 3177 him,
378 3129 435 3167 war
449 3128 530 3166 arose
544 3128 582 3166 on
596 3111 659 3164 that
673 3111 793 3180 ground.
828 3113 885 3166 But
897 3111 980 3166 other
993 3113 1083 3167 words
1098 3113 1165 3179 also,
1177 3115 1234 3168 and

131 3195 180 3251 the
197 3202 301 3251 matter
318 3197 402 3261 itsclf,
423 3197 584 3251 sometimes
598 3195 700 3268 supply
715 3195 850 3267 probablo
868 3196 1029 3266 conjecturo
1043 3212 1081 3250 on
1096 3196 1153 3251 this
1167 3198 1235 3252 sub-

127 3281 207 3351 jcet..

183 3373 199 3422 3
222 3366 252 3420 1f
263 3365 344 3419 thoro
358 3365 396 3419 be
414 3365 497 3433 equal
516 3366 690 3434 conjectures
705 3364 775 3418 caeh
791 3380 852 3435 way
870 3362 929 3431 (for
948 3380 966 3418 a
987 3363 1047 3418 real
1064 3362 1121 3417 and
1139 3380 1235 3435 apar-

130 3451 211 3506 sonal
230 3450 317 3521 pact),
336 3449 385 3504 the
402 3449 490 3503 result
511 3456 585 3504 must
600 3450 636 3504 bo
651 3449 713 3504 that
730 3450 894 3504 favourable
910 3455 989 3521 pacts
1008 3465 1058 3504 ars
1078 3453 1109 3503 to
1130 3450 1167 3505 bc
1186 3450 1235 3505 be-

130 3535 222 3589 lieved
240 3533 308 3597 roal,
326 3534 424 3590 odious
447 3551 522 3600 ones,
541 3535 680 3607 personal.
727 3536 853 3591 Treaties
873 3535 906 3590 ot
920 3553 1008 3607 peace
1026 3553 1058 3591 or
1078 3552 1235 3591 commarca

130 3638 180 3675 aro
194 3620 374 3675 favourablo:
399 3621 479 3676 those
497 3622 579 3676 made
598 3622 665 3676 with
686 3638 704 3676 a
725 3622 794 3678 view
814 3630 844 3677 to
866 3641 931 3687 war,
952 3630 1002 3678 not
1022 3623 1061 3677 all
1080 3622 1186 3688 odiens,
1203 3638 1236 3678 aa

131 3723 208 3761 some
230 3705 319 3771 think,
343 3708 420 3762 since
442 3708 605 3778 epimenides,
628 3716 827 3780 engagements
845 3709 879 3764 of
897 3714 1016 3781 support
1038 3710 1068 3763 in
1092 3708 1235 3765 defensive

132 3808 196 3855 war,
208 3808 257 3846 are
272 3810 371 3847 noarer
386 3800 415 3848 to
430 3793 538 3858 favour,
549 3797 729 3864 eysrsmoehies,
744 3802 943 3866 engagements
956 3803 986 3851 to
1001 3812 1058 3849 war
1070 3796 1099 3848 in
1111 3795 1235 3867 general,

132 3893 232 3931 nearor
246 3883 276 3931 to
291 3878 437 3933 burthcns.
483 3879 548 3933 Add
562 3887 592 3934 to
607 3880 707 3945 which,
722 3879 785 3935 that
800 3882 829 3934 in
844 3899 862 3935 a
876 3887 969 3951 trcaty
992 3881 1108 3950 looking
1129 3888 1158 3935 to
1178 3897 1235 3951 any

132 3979 197 4027 war,
212 3962 235 4016 it
251 3963 273 4016 is
288 3964 438 4034 presumed
459 3964 520 4018 that
535 3972 656 4019 account
676 3965 774 4019 ishad
797 3964 830 4018 of
845 3965 895 4020 the
916 3966 1060 4035 prudenee
1077 3965 1133 4018 and
1155 3967 1234 4034 pioty

133 4047 167 4101 of
185 4046 234 4102 the
255 4064 357 4119 person
382 4050 490 4104 treated
512 4050 588 4114 with,
609 4065 641 4105 as
663 4065 717 4104 one
739 4047 801 4103 who
823 4049 878 4102 will
896 4056 948 4105 not
969 4048 1126 4103 undertake
1145 4064 1236 4102 awar

134 4134 266 4204 unjustly,
280 4151 334 4189 nor
347 4152 418 4190 even
432 4134 535 4205 rashly.

189 4226 207 4273 4
235 4219 297 4274 Tho
312 4221 424 4284 maxim,
436 4219 498 4274 that
510 4218 702 4291 pertnerships
717 4234 765 4273 are
778 4217 926 4289 separated
939 4217 977 4288 by
989 4215 1086 4281 death,
1101 4218 1117 4272 1
1131 4216 1169 4271 do
1181 4222 1233 4273 not

133 4301 202 4358 hore
214 4303 337 4359 adduce:
353 4306 399 4360 for
408 4305 470 4360 that
482 4305 598 4375 belongs
613 4310 643 4357 to
658 4304 767 4374 private
778 4302 978 4374 partnerships,
991 4302 1048 4357 and
1060 4302 1083 4356 is
1098 4320 1116 4356 a
1130 4302 1235 4356 maxim

133 4388 167 4443 of
187 4389 259 4443 civil
277 4390 353 4444 Law.
398 4390 536 4445 whether
556 4390 605 4444 the
628 4390 788 4453 Fidenates,
808 4388 916 4452 Latine,
930 4389 1091 4453 Etmscans,
1109 4386 1235 4455 Sabinos,

133 4490 207 4530 were
227 4473 304 4546 right
327 4490 361 4529 or
383 4492 478 4547 wrong
498 4477 528 4530 in
548 4475 721 4547 renonncing
740 4474 815 4532 theIr
836 4474 935 4547 leaguo
952 4473 1019 4530 with
1039 4473 1089 4530 the
1109 4476 1236 4532 Romana
