3000 5062
124 334 192 388 Ger.
207 327 289 396 XX]
569 331 620 383 DE
643 330 779 385 POENIS.
1165 322 1227 384 283

125 498 200 582 quic
215 496 292 560 velit
303 516 429 579 pouces
445 495 582 571 utiliter,
597 515 662 558 non
677 495 794 559 maltos
811 494 973 559 inutiliter
987 495 1115 579 punire.
1148 493 1229 558 Sunt

125 603 158 660 ct
175 594 316 680 quaedam
333 615 396 658 non
417 593 560 658 humanas
576 592 756 680 simpliciter
776 601 906 668 naturm,
928 592 984 657 scd
1006 591 1077 658 huic
1092 598 1127 668 ¹et
1147 613 1228 657 nunc

125 692 322 768 inevitabilia,
348 693 409 758 yob
434 691 571 778 corporis
596 691 821 757 concretionem
845 690 879 755 in
904 691 1040 756 animum
1066 699 1228 756 transeun-

127 802 201 869 tem,
218 800 274 857 aut
291 791 428 857 adultam
446 791 707 866 consuetudinem,
730 812 800 876 qum
817 798 921 855 tamen
943 790 1047 877 puniri
1067 790 1146 855 solet
1167 812 1230 856 non
1290 816 1296 825 ·

128 901 193 958 tam
209 890 242 956 in
258 912 334 968 sese,
351 912 445 977 quam
461 890 520 954 'ob
536 889 656 976 culpam
673 889 911 975 praecedentem,
929 889 1002 974 quia
1017 896 1073 954 aut
1088 888 1231 978 neglecto

128 998 201 1056 sunt
218 990 364 1066 remedia,
382 997 438 1055 sut
454 988 537 1054 ultro
554 988 680 1053 attracti
696 988 728 1053 in
744 988 880 1053 animum
897 988 1005 1054 morbi.

202 1090 276 1155 XX.
321 1090 340 1153 1
373 1087 491 1164 Tertio,
513 1087 670 1174 punienda
692 1110 755 1152 non
771 1097 844 1152 sunt
861 1096 997 1174 peccata,
1017 1109 1087 1174 quoe
1103 1109 1160 1153 nec
1184 1087 1230 1153 di-

130 1195 215 1254 recte
237 1209 295 1252 nec
316 1187 467 1253 indirecte
491 1194 633 1273 spectant
654 1186 695 1253 ad
717 1186 895 1252 societatem
918 1187 1095 1264 humanam,
1118 1196 1174 1254 aut
1188 1187 1231 1253 ad

130 1286 285 1353 hominem
308 1286 451 1353 alterum.
505 1285 599 1351 Ratio
620 1294 677 1362 est,
703 1285 776 1371 quia
795 1285 880 1350 nulla
904 1293 952 1352 est
975 1308 1067 1351 causa
1090 1308 1146 1351 cur
1169 1308 1231 1351 non

131 1385 207 1452 talia
218 1394 346 1473 peccata
362 1385 578 1471 rehnquantur
589 1386 659 1449 Deo
672 1384 837 1471 punienda,
854 1384 954 1471 quiet
969 1385 1010 1450 ad
1023 1407 1061 1450 ea
1077 1384 1233 1450 noscenda

131 1493 180 1551 est
196 1484 448 1571 sapientissimus,
474 1484 564 1550 etad
582 1484 786 1572 expendenda
802 1484 1001 1569 aequissimus,
1020 1493 1052 1549 et
1074 1484 1116 1550 ad
1134 1484 1232 1550 vindi-

132 1585 231 1650 canda
250 1584 491 1671 potentissimus.
536 1584 644 1661 Quare
660 1584 700 1648 ab
721 1583 895 1648 hominihus
912 1570 1031 1670 punitio
1053 1582 1125 1648 talis
1147 1582 1233 1648 insti·

132 1692 273 1749 tueretur
289 1684 382 1769 plano
399 1683 465 1749 sine
481 1682 625 1759 utilitate,
642 1704 679 1747 ac
696 1682 825 1767 proinde
843 1683 997 1747 mendose.
1034 1680 1233 1768 Excipiendae

133 1782 206 1847 hinc
221 1791 295 1848 sunt
311 1804 413 1869 poenae
430 1781 660 1856 emendatoriae,
678 1803 747 1867 quae
764 1803 887 1845 causam
909 1781 1026 1845 habent
1042 1787 1077 1845 ut
1094 1779 1147 1866 qui
1163 1802 1234 1866 pec·

134 1881 216 1947 eavit
232 1881 340 1947 melior
355 1882 420 1958 fiat,
443 1881 563 1947 etiamsi
579 1882 661 1945 forte
683 1880 715 1945 id
730 1881 860 1945 eliorum
883 1901 944 1949 non
960 1879 1093 1947 intersit.
1140 1878 1233 1944 Puni-

134 1980 207 2045 endi
224 2002 345 2067 quoque
367 2003 428 2046 non
446 1988 518 2046 sunt
534 1990 621 2046 aetus
643 1978 775 2065 oppositi
793 1978 959 2044 virtutibus
975 2000 1106 2064 quarum
1121 1985 1234 2043 natura

135 2080 320 2145 coactionem
339 2102 458 2145 omnem
477 2078 629 2166 repudiat,
652 2078 685 2144 in
702 2101 763 2164 quo
786 2099 903 2166 genere
920 2086 992 2144 sunt
1015 2076 1233 2155 misericordia,

137 2179 315 2257 liberalitas,
333 2179 445 2267 gratim
460 2178 579 2244 relatio.

210 2281 231 2343 2
265 2280 395 2345 Tractat
421 2278 502 2342 hanc
527 2276 726 2364 quaestionem
752 2279 881 2353 Seneca,
911 2298 951 2341 an
979 2274 1097 2365 ingrati
1127 2274 1234 2340 vitium
1249 2295 1368 2383 ss'ss'lnl‘

135 2376 319 2464 impunitum
336 2399 403 2443 esse
419 2378 550 2454 debcat3
577 2385 610 2443 et
631 2398 687 2442 cur
703 2399 765 2442 nou
786 2376 909 2452 dcbcat,
927 2376 1032 2441 adfert
1049 2374 1155 2450 multo,
1180 2374 1237 2439 sed

133 2553 663 2614 planedelinqucrenequetcminieestmeque
711 2563 882 2607 resonamus,
907 2550 947 2596 De
966 2549 1029 2596 Jure
1048 2549 1108 2596 Nat.
1128 2554 1150 2595 et
1170 2548 1238 2597 Gcnt.

137 2630 165 2674 iel
180 2629 319 2689 rerumsert
333 2634 429 2674 nature.
460 2628 532 2675 Adde
547 2628 662 2674 Basiliam
711 2626 795 2675 Lib,1.
812 2640 897 2686 capr.
914 2624 962 2685 58.
992 2624 1064 2672 .1.Β.

137 2706 310 2764 Imperatorem
325 2708 428 2764 captio.
460 2705 615 2764 (Paraenetic.
632 2703 663 2749 sd
756 2704 819 2749 tOb
834 2703 943 2762 cumeris
959 2702 1125 2749 emtionem
1141 2703 1166 2749 in
1183 2704 1237 2749 uni·

137 2780 242 2826 Leonem
254 2777 361 2839 Filium.)
711 2794 773 2823 mrem
783 2776 951 2839 trememtem]
968 2778 1058 2824 Seneca
1071 2778 1100 2824 de
1115 2777 1162 2825 Ira
1176 2779 1238 2825 libro

180 2853 664 2914 ⁸InterJeneoePntlo]nenloselibro
714 2855 860 2911 n.cop.18.
879 2867 969 2897 moram
988 2853 1115 2899 melotes
1134 2853 1240 2899 mixtura

139 2944 179 2975 ιιι.
189 2944 213 2990 p.
222 2930 274 2977 676.
285 2945 306 2976 ο.
314 2929 369 2974 addi
380 2934 461 2988 potest
472 2930 623 2975 Alienesdrns
633 2930 664 2975 ad
713 2927 873 2972 elementorum
881 2926 956 2985 fucit,
966 2932 988 2972 et
997 2928 1100 2985 poinde
1110 2928 1135 2973 in
1145 2928 1240 2987 aliquos

138 3003 229 3050 dobum
240 3019 264 3051 v.
274 3005 298 3051 7.
308 3007 334 3049 et
344 3004 468 3048 ituhhinus
479 3002 554 3047 lsrael
564 3016 585 3048 ο.
595 3004 620 3050 8.
712 3002 790 3059 munis
800 3001 932 3046 incurvabunt
942 3002 1044 3060 inperia,
1056 3008 1128 3060 prem
1138 3003 1241 3059 alicuius

181 3084 193 3108 ¹
209 3076 335 3121 Dicdum
349 3073 455 3133 Siculus]
474 3076 540 3120 ldem
556 3076 580 3119 in
597 3076 664 3133 frag·
713 3075 815 3119 elementi
824 3074 902 3131 mqjor
911 3074 947 3119 cie
957 3075 1093 3120 αοιοιάανίε.
1114 3077 1180 3121 Alibi
1189 3078 1239 3123 hare

138 3148 239 3194 mentis:
264 3148 298 3205 pri
319 3152 489 3205 συκοφαντεῖν
511 3147 665 3204 ἀνθρωπίνης
713 3160 742 3192 ea
758 3152 835 3204 vocat,
857 3161 911 3205 qnae
930 3148 1041 3192 attribuit
1060 3148 1165 3195 conditio
1185 3164 1240 3196 nns-

138 3225 238 3281 φύσεως
253 3223 300 3276 τήν
313 3221 450 3267 ἀσθένειαν·
466 3225 611 3280 nenoportet
619 3234 665 3279 per
713 3220 781 3265 cendi
801 3225 827 3267 ct
843 3221 950 3279 corporis
966 3226 1136 3280 temperatura.
1177 3224 1238 3283 Epi-

138 3298 280 3343 eelumnium
300 3296 424 3341 madrrcerc
444 3295 603 3353 infirmitatem
623 3295 665 3339 hu·
714 3295 777 3341 stola
790 3308 827 3340 xr.

139 3388 210 3417 mann
221 3377 319 3416 nutare.
339 3371 349 3428 l
354 3370 383 3415 E.
393 3369 443 3414 Lib.
452 3382 526 3414 xxvi.
538 3369 620 3427 Eclog.
629 3367 664 3427 l.)
758 3378 768 3404 ¹
784 3369 819 3415 Ol
833 3370 927 3428 cuipam
941 3371 1118 3433 precedentem]
1141 3374 1203 3422 Vide
1217 3391 1238 3423 c.

183 3445 193 3473 ⁹
209 3445 297 3489 Merito
313 3444 359 3488 hoc
368 3443 446 3502 rejicit
456 3448 481 3488 ct
495 3444 604 3489 confutat
614 3444 665 3489 Pu·
714 3444 900 3491 inebriaverunt.
910 3446 933 3492 o.
944 3460 1017 3492 causa
1026 3460 1069 3494 xv.
1080 3454 1164 3507 quaest.
1175 3453 1199 3498 1.

139 3710 213 3746 man.
260 3692 321 3747 The
335 3709 434 3748 reason
450 3694 482 3757 is,
497 3693 559 3749 that
571 3693 652 3750 thero
664 3695 687 3750 is
701 3712 739 3749 no
753 3712 837 3751 causo
850 3695 912 3767 why
923 3696 992 3751 such
1004 3697 1060 3752 sins
1073 3697 1173 3754 should
1189 3706 1240 3755 not

139 3780 175 3834 he
190 3778 242 3833 icit
254 3785 284 3832 to
297 3780 362 3833 God
386 3789 416 3834 to
439 3780 550 3850 punish,
563 3781 625 3836 who
644 3799 696 3836 cen
708 3782 779 3837 both
799 3783 882 3835 know
901 3784 979 3838 thom
1000 3784 1071 3848 bost,
1086 3786 1141 3839 and
1151 3787 1239 3858 judgo

140 3866 219 3918 thom
237 3872 311 3919 most
334 3866 431 3937 justly‚
461 3867 518 3920 and
536 3868 638 3938 punish
659 3868 736 3922 thom
758 3876 833 3923 most
851 3869 1019 3940 effectually.
1074 3870 1240 3926 Whereioro

140 3950 166 4001 if
176 3948 244 4002 such
259 3967 277 4002 a
290 3951 472 4019 punishment
486 3970 558 4007 wore
572 3953 730 4018 instituted,
744 3954 767 4006 it
786 3954 878 4007 would
894 3954 929 4008 be
947 3954 1059 4016 useless,
1073 3954 1130 4006 and
1148 3956 1240 4010 thoro-

141 4034 202 4087 fore
215 4033 382 4089 bismcable.
412 4037 496 4090 From
518 4037 575 4091 this
592 4039 703 4090 remark
726 4054 775 4091 aro
789 4045 819 4091 to
842 4037 879 4091 be
896 4038 1030 4109 oxcoptod
1046 4038 1240 4107 punishments

141 4119 187 4171 ior
199 4119 387 4184 amendmont,
402 4120 491 4175 which
506 4122 577 4175 hare
589 4123 633 4175 ior
646 4122 720 4175 their
732 4122 826 4191 object
840 4128 870 4174 to
889 4123 971 4176 malco
991 4122 1040 4176 the
1055 4138 1120 4175 man
1140 4124 1242 4189 better,

142 4203 249 4272 though
269 4203 319 4258 tho
341 4205 458 4259 interest
480 4208 514 4261 oi
529 4207 624 4261 others
647 4208 669 4260 is
688 4212 739 4259 not
761 4207 925 4260 concerned.
962 4206 1029 4260 Also
1047 4208 1242 4277 punishments

142 4305 190 4341 nro
208 4294 259 4342 not
276 4295 304 4341 to
320 4289 355 4342 bc
377 4290 501 4345 inflicted
520 4308 557 4345 on
577 4298 636 4344 acts
649 4291 774 4361 opposed
792 4295 822 4344 to
836 4290 915 4345 those
932 4292 1036 4346 virtues
1048 4293 1081 4345 of
1091 4292 1179 4349 which
1191 4295 1241 4352 tho

142 4380 242 4427 nature
252 4374 351 4443 rejects
363 4374 402 4427 oli
414 4376 598 4446 compulsion,
613 4392 644 4429 ns
659 4392 762 4445 morey,
777 4376 925 4448 iiberality,
939 4378 1090 4448 gratitudo.

197 4465 215 4510 2
242 4459 350 4512 Seneca
365 4466 452 4514 treats
465 4460 520 4514 this
535 4461 673 4530 question,
684 4460 821 4516 Whothor
839 4462 1010 4534 ingratitudo
1025 4463 1113 4536 ought
1125 4471 1155 4519 to
1168 4473 1245 4523 meet
