3000 5062
276 296 340 363 466
461 306 515 363 Du
537 306 672 363 onusta
694 305 826 363 susus
847 305 901 361 UT
922 306 1089 372 BELLUM,
1111 308 1194 364 ETG.
1253 308 1329 377 [Lm.
1343 315 1384 371 Π.

276 471 330 537 diu
347 477 458 538 exacto
480 478 538 548 est,
562 471 632 537 aliis
655 492 731 538 vero
754 470 896 538 omnihus
915 471 1020 539 multis
1037 472 1136 539 modis
1153 477 1384 547 commendate.

277 569 431 657 Origenes
456 569 546 637 Celso
570 569 754 637 christianis
782 569 950 657 objeotsnti
978 570 1096 637 militiae
1121 572 1385 645 detrectationem

113 678 245 773 mg}
275 667 320 735 sic
335 669 522 754 respondet:
545 671 598 735 bis
617 672 676 756 poi
698 692 722 735 c
740 672 808 753 fide
831 672 935 736 alieni
952 693 1019 756 pro
1040 673 1210 754 republica
1232 677 1386 743 militare

230 749 236 762 ³
275 791 334 834 nos
348 768 475 852 jubent,
497 781 529 834 el
547 770 689 835 hemines
704 772 856 846 occidere,
873 771 925 834 ita
947 772 1227 854 respondebimus:
1253 775 1309 839 Hi
1324 778 1385 860 qui

277 868 530 934 simulacrorum
557 880 736 935 vestrorvm
761 880 837 934 suot
865 870 1055 944 sacerdotes,
1086 881 1116 935 et
1140 872 1275 937 dmm
1303 896 1385 957 qnos

271 970 405 1053 putatis
423 969 587 1051 flamines,
612 969 746 1033 decisos
759 989 870 1053 puras
890 979 1022 1033 servent
1040 969 1280 1052 sacrificiorum
1294 994 1382 1057 erpo,

278 1078 315 1131 ut
332 1088 371 1132 ea
390 1068 570 1133 incruentis
594 1078 625 1132 et
649 1067 743 1131 nullu
764 1069 848 1133 coede
869 1067 1048 1132 maculatis
1067 1069 1219 1132 manibus
1240 1073 1383 1153 offerant

278 1167 330 1231 leis
351 1167 410 1249 qui
432 1168 608 1231 umentes
625 1167 699 1231 dii:
722 1186 820 1250 neque
840 1167 872 1231 si
894 1167 979 1251 qued
1000 1167 1173 1231 ecorictor
1192 1168 1312 1233 bellum
1328 1192 1383 1235 sa·

277 1264 420 1330 cerdotes
451 1266 678 1330 assoibuotor
709 1266 860 1330 numeres.
915 1266 1009 1338 Quod
1034 1267 1063 1329 si
1089 1266 1128 1329 id
1155 1268 1287 1332 ratione
1317 1290 1382 1335 ooo

277 1372 377 1439 earet,
406 1375 529 1444 quanto
556 1365 664 1446 mupis
693 1366 807 1429 ceteris
832 1364 1063 1437 militantibus,
1090 1364 1144 1428 illi
1170 1386 1296 1450 quoque
1324 1389 1381 1432 sce

277 1460 370 1524 modo
391 1460 538 1524 essendi
554 1471 630 1524 suot
652 1461 808 1536 militare,
827 1472 986 1544 tanquam
1001 1463 1070 1526 Dei
1084 1464 1266 1529 sacerdotes
1281 1478 1381 1550 atquc

277 1559 424 1634 cultores,
452 1559 510 1642 qui
539 1579 656 1623 manus
680 1560 813 1639 quidem
840 1570 975 1623 servant
995 1581 1117 1644 peres,
1142 1563 1199 1626 sed
1224 1565 1380 1646 precibus

169 1718 172 1725 .
278 1659 370 1743 apud
394 1658 502 1722 Deum
523 1669 647 1722 certent
666 1679 729 1742 pro
754 1659 806 1722 bis
832 1659 893 1739 qui
908 1658 997 1741 juste
1022 1659 1179 1737 militant,
1202 1671 1234 1725 et
1253 1683 1321 1744 pre
1345 1684 1379 1727 eo

277 1758 336 1839 psi
347 1756 437 1838 juste
456 1756 599 1840 repetat?
623 1776 684 1840 quo
696 1753 730 1818 in
745 1755 812 1820 loco
829 1755 1006 1821 sacerdotes
1023 1764 1114 1821 vocet
1129 1757 1256 1841 quosvis
1271 1758 1378 1824 Chris-

278 1854 388 1928 tisnos,
406 1853 548 1940 exemplo
565 1862 741 1919 sanctorum
758 1852 952 1939 scriptorum,
969 1853 1067 1940 Apoo.
1085 1853 1104 1919 i.
1118 1856 1159 1932 6;
1179 1858 1197 1920 1
1215 1857 1287 1922 Pet.
1299 1856 1331 1922 ii.
1345 1860 1376 1927 b.

353 1953 410 2018 vt
465 1955 485 2016 1
520 1951 671 2017 Arbitror
697 1972 772 2017 vero
797 1950 921 2018 evenire
944 1951 1039 2018 etism
1058 1974 1157 2038 posse,
1182 1955 1273 2019 utin
1296 1956 1378 2021 bello

277 2072 340 2116 non
362 2049 456 2117 dubio
480 2058 603 2116 tantum
627 2049 684 2115 sed
708 2058 741 2116 et
765 2049 927 2116 manifeste
943 2049 1057 2136 injusto
1078 2051 1164 2137 justa
1187 2051 1294 2138 shqus
1310 2076 1379 2121 esse

277 2148 374 2236 possit
389 2148 583 2215 subditorum
600 2148 746 2213 defensio.
792 2150 875 2213 Nem
897 2170 966 2213 cum
982 2149 1121 2214 subditos
1136 2150 1327 2228 innocentes,
1344 2161 1379 2219 et

277 2270 299 2313 s
326 2247 399 2312 belli
424 2246 515 2333 culpa
541 2255 685 2324 remotos,
714 2246 918 2312 interficiendi
940 2247 994 2334 jus
1020 2269 1129 2313 verum
1156 2255 1189 2314 et
1219 2248 1378 2317 internum

277 2346 385 2422 hostis,
398 2346 517 2433 justum
535 2344 676 2431 quemvis
692 2345 806 2411 bellum
827 2367 949 2434 gerens,
967 2368 1029 2410 non
1046 2346 1170 2422 habeat,
1187 2347 1247 2412 nisi
1263 2357 1320 2415 sut
1336 2348 1379 2416 nd

279 2445 484 2511 necessariam
500 2444 719 2520 defensionem,
737 2452 792 2510 sut
808 2465 865 2529 per
886 2445 1134 2530 consequentiam
1151 2453 1184 2511 et
1200 2454 1293 2511 extre
1308 2468 1380 2534 pro-

278 2544 421 2630 positum,
449 2546 561 2631 (poenae
585 2542 667 2608 enim
696 2542 741 2607 illi
766 2542 891 2609 obnoxii
917 2565 978 2608 non
1006 2546 1091 2628 sunt)
1120 2544 1260 2629 sequitur
1287 2556 1325 2611 ut
1351 2545 1380 2611 si

278 2651 364 2709 certe
388 2652 507 2709 constet
531 2643 652 2708 hostem
678 2663 715 2706 eo
737 2641 843 2708 venire
868 2640 979 2721 animo,
1006 2652 1042 2707 ut
1066 2642 1224 2709 hostilium
1239 2644 1379 2711 subdito-

279 2938 405 2994 directed
423 2937 461 3010 by
481 2939 603 3011 especisl
616 2939 747 3006 holinoss,
762 2940 831 2995 such
845 2959 876 2996 ss
898 2959 953 2996 was
972 2942 1039 3011 long
1053 2940 1170 2996 exsotcd
1183 2939 1217 2994 of
1233 2941 1380 2997 ecclesius-

278 3025 345 3080 ticsl
362 3041 478 3097 persons
497 3025 554 3079 end
574 3027 724 3096 penitents,
740 3026 797 3080 end
811 3027 936 3098 strongly
950 3026 1167 3080 recommended
1184 3033 1214 3079 to
1229 3027 1268 3079 nll
1283 3027 1381 3083 others

278 3112 309 3165 in
334 3128 419 3182 many
438 3127 520 3182 ways.
568 3112 680 3181 Origon,
703 3113 858 3183 answering
875 3113 924 3167 the
945 3112 1085 3181 objection
1105 3110 1138 3165 of
1159 3110 1255 3166 Celsus
1279 3118 1310 3166 to
1329 3112 1382 3168 the

279 3196 442 3258 Christiane,
469 3197 533 3250 that
561 3196 629 3266 they
655 3196 784 3251 declined
811 3199 934 3268 military
959 3198 1073 3260 service,
1102 3213 1182 3268 says:
1212 3197 1296 3250 ibose
1320 3200 1382 3253 solco

278 3282 383 3353 require
402 3283 461 3346 this,
478 3300 517 3336 we
530 3283 637 3337 remens
655 3284 691 3352 os
697 3284 737 3337 tle
745 3285 842 3353 priests
856 3287 891 3358 of
908 3285 949 3338 tbe
963 3283 1091 3346 lucrm
1103 3283 1161 3335 wlco
1172 3299 1239 3336 were
1251 3283 1344 3336 bouem
1354 3293 1382 3338 to

280 3369 340 3439 keep
357 3369 501 3422 themselves
517 3385 587 3438 pure
594 3369 676 3437 srom
690 3370 731 3422 tlu
744 3369 871 3441 sbeddipp
885 3372 922 3439 es
930 3371 1032 3422 bremae
1044 3369 1122 3421 blood
1128 3386 1139 3428 ,-
1161 3368 1220 3420 apd
1233 3367 1285 3421 this
1298 3370 1383 3438 cupit

279 3455 336 3509 still
355 3464 381 3508 to
404 3455 489 3508 belbe
508 3454 567 3508 rsle
578 3455 716 3523 sortisse
734 3455 792 3507 wbe
807 3473 854 3509 cre
866 3457 906 3509 all
914 3456 1012 3527 priests
1028 3455 1063 3526 ⁰f
1075 3453 1144 3506 (lod.
1185 3453 1255 3522 They
1270 3453 1301 3506 in
1312 3455 1383 3508 their

276 3558 392 3611 propere
406 3549 432 3594 to
446 3541 509 3594 Geel
522 3541 622 3595 wrestle
628 3542 682 3610 sor
697 3541 765 3593 tbcm
776 3541 834 3593 wlco
842 3542 1013 3614 fiphjusdp,
1024 3540 1141 3612 ccdser
1152 3538 1208 3591 lim
1219 3539 1278 3592 subc
1290 3539 1383 3609 reipm

273 3627 381 3698 jrestlp:
403 3626 495 3681 where
515 3625 552 3680 ho
568 3626 635 3680 calls
650 3625 688 3678 sll
701 3625 854 3682 Christiane
868 3628 975 3699 priests,
989 3624 1131 3695 following
1145 3622 1194 3678 the
1210 3623 1383 3695 Scriptures,

278 3712 348 3766 Itos.
363 3712 380 3763 i.
398 3715 433 3774 63
457 3711 548 3763 lPot.
562 3712 591 3764 ii.
609 3718 633 3763 δ.

336 3796 386 3850 VI.
426 3802 440 3847 1
468 3795 584 3848 Ithinh
606 3793 734 3848 however
751 3793 814 3848 thot
828 3793 851 3846 it
874 3809 940 3864 moy
959 3793 1080 3867 hoppen,
1101 3794 1203 3849 thatin
1217 3810 1235 3846 s
1254 3809 1313 3846 war
1326 3802 1384 3852 not

279 3883 419 3948 doubtful,
433 3882 484 3937 but
499 3898 569 3936 even
584 3880 743 3952 menifestly
757 3881 860 3951 unjust,
875 3877 956 3933 there
970 3897 1034 3952 may
1049 3881 1086 3934 be
1101 3898 1119 3934 s
1133 3881 1193 3950 just
1209 3878 1327 3934 defense
1351 3883 1388 3937 of

279 3973 328 4026 tho
347 3971 471 4041 subjecte.
486 3968 548 4023 who
566 3968 632 4023 take
646 3985 664 4022 e
686 3973 751 4039 port
769 3968 798 4020 in
821 3966 852 4020 it.
897 3964 955 4018 For
976 3966 1052 4021 since
1072 3965 1121 4020 the
1140 3982 1249 4036 enemy,
1269 3965 1384 4038 though

279 4058 408 4129 carrying
431 4073 468 4110 on
486 4072 504 4109 s
525 4056 584 4126 just
610 4071 674 4117 wer,
694 4053 744 4107 has
764 4057 815 4106 not
837 4069 855 4106 s
880 4057 944 4105 true
965 4052 1019 4106 and
1041 4051 1167 4105 intrinsic
1186 4049 1262 4121 right
1284 4059 1314 4105 to
1329 4052 1385 4107 hill

279 4143 413 4197 innocent
424 4142 554 4212 subjecte,
568 4140 630 4195 who
645 4139 716 4193 heve
731 4138 849 4207 nothing
862 4142 893 4191 to
908 4136 944 4190 do
956 4137 1022 4190 with
1039 4136 1088 4191 the
1102 4136 1176 4190 fault
1191 4136 1225 4190 of
1235 4135 1286 4190 the
1301 4154 1385 4204 wem,

279 4234 379 4298 except
394 4226 485 4282 either
499 4227 544 4280 sor
557 4242 703 4296 necessary
717 4223 839 4286 defense,
854 4239 887 4276 or
900 4221 939 4292 by
962 4238 1153 4294 consequence
1172 4221 1228 4275 end
1249 4223 1386 4278 extrinsi·

279 4314 353 4384 cslly
364 4318 395 4367 to
411 4312 454 4366 his
470 4329 607 4383 purposo;
628 4309 686 4378 (fer
698 4309 765 4380 thcy
779 4324 827 4362 oro
848 4314 899 4362 not
918 4308 1002 4362 lisbio
1017 4315 1047 4363 to
1063 4307 1245 4380 punishment
1254 4304 1276 4375 3)
1292 4309 1315 4361 it
1328 4309 1388 4364 fol·

278 4398 345 4453 lows
366 4398 429 4453 thot
443 4398 468 4453 if
487 4399 510 4453 it
524 4397 560 4452 bo
579 4397 654 4453 elcsr
675 4395 738 4451 thet
758 4394 807 4450 the
826 4408 927 4466 enemy
941 4410 1033 4450 comos
1048 4393 1116 4448 with
1134 4391 1204 4448 such
1224 4410 1242 4446 a
1256 4409 1388 4467 purpose
