3000 5062
285 307 328 371 56
644 316 696 372 nn
720 315 1024 373 couranevraus.
1258 313 1333 388 [ns.
1346 318 1390 377 11.

287 480 399 546 viduet
408 478 620 568 jurisconsulti
638 478 770 544 Romani
789 479 820 543 in
838 478 878 544 do
894 486 929 544 ut
946 478 1010 555 des,
1033 477 1112 544 focio
1133 486 1168 544 ut
1185 478 1290 557 facies,
1307 482 1391 551 facio

285 588 322 645 ut
355 580 428 646 des:
455 580 496 646 de
524 579 635 665 quibus
670 578 771 643 videri
796 589 899 665 potest
925 578 1039 643 Paulus
1061 578 1299 664 jurisconsultus
1315 581 1349 648 in
1366 584 1389 650 l.

121 706 191 753 sea
200 706 270 753 „aas
286 681 490 746 Natu-ralis:
516 678 665 766 Digestis,
685 680 900 762 Proeecriptis
918 679 1032 743 verbis.

359 781 380 843 2
416 778 480 844 Sed
506 777 640 844 Romani
669 778 709 842 ab
732 778 791 841 hac
813 776 963 841 divisione
987 776 1126 843 eximunt
1148 779 1296 864 quosdam
1312 804 1391 849 con-

286 886 414 954 tractus,
433 900 509 965 quos
529 878 587 964 ipsi
610 878 783 942 nominatos
809 884 932 951 vocant,
957 896 1019 940 non
1040 886 1104 941 tarn
1122 879 1206 962 quod
1225 882 1390 967 proprium

285 978 421 1044 habeant
437 999 548 1043 nomen
567 976 676 1060 (hebet
690 975 770 1040 enirn
790 975 848 1039 hec
865 981 898 1040 et
915 975 1111 1060 permutatio,
1138 997 1230 1062 quam
1252 983 1391 1046 anomi-

284 1086 428 1142 uatorum
458 1097 587 1142 numero
613 1074 794 1157 excludunt)
823 1095 916 1159 quam
944 1075 1028 1159 quod
1056 1076 1096 1139 ob
1122 1098 1210 1140 usum
1241 1078 1388 1165 frequen·

284 1176 394 1242 tiorenr
411 1169 495 1239 bviru
513 1175 679 1261 quamdam
697 1183 729 1238 et
744 1183 888 1238 naturam
911 1173 1100 1259 accepissent
1117 1175 1220 1252 taloan
1241 1198 1312 1263 quae
1329 1181 1388 1247 eti.

283 1275 361 1339 sinai
383 1274 460 1340 nihil
477 1283 559 1339 esset
575 1273 692 1339 dictum
709 1272 892 1358 specialiter,
912 1293 952 1337 ex
969 1272 1035 1358 ipso
1051 1274 1173 1339 nomine
1188 1276 1264 1340 satis
1281 1289 1388 1363 posset

283 1371 435 1460 intelligi:
461 1372 544 1437 unde
569 1371 663 1437 etiarn
690 1382 785 1436 certoe
809 1371 849 1436 de
874 1370 934 1436 illis
959 1372 1092 1457 proditio
1116 1385 1207 1439 erant
1230 1376 1387 1445 actionum

283 1471 445 1538 formuloe:
470 1494 539 1535 eum
559 1471 591 1535 in
606 1469 729 1536 caeteris
745 1471 954 1535 contractibus
972 1470 1072 1535 minus
1095 1472 1309 1557 frequentibus
1327 1479 1388 1544 hoc

283 1579 407 1636 tanturn
430 1571 557 1649 inesset,
584 1570 667 1655 quod
684 1568 800 1634 dictum
822 1579 901 1646 crat,
927 1591 964 1634 ac
984 1570 1116 1655 proinde
1139 1593 1200 1636 non
1217 1579 1387 1643 communie

282 1670 388 1756 aliqua
405 1678 438 1736 et
453 1670 578 1749 usitate,
599 1668 655 1734 sed
671 1667 902 1733 accommodata
923 1667 965 1732 sd
988 1669 1089 1754 ipsum
1112 1669 1228 1737 factum
1254 1673 1386 1743 daretur

282 1769 425 1847 formula,
446 1790 517 1855 qnae
534 1768 604 1833 ideo
621 1766 811 1854 prsescriptis
832 1767 937 1832 verbis
961 1767 1133 1833 dicebatur.
1175 1771 1227 1836 Ob
1252 1774 1385 1842 candem

281 1890 404 1934 eausam
421 1890 495 1935 usus
510 1866 728 1955 frequentioris
740 1866 772 1932 in
786 1866 1040 1932 conventionibus
1053 1868 1227 1947 nominetis,
1241 1872 1267 1936 si
1279 1875 1384 1960 requi-

325 2045 336 2078 l'
357 2046 410 2093 Vise
419 2045 573 2107 quaedamst
582 2050 695 2091 naturast
702 2044 808 2105 accepis·
859 2044 921 2091 citus
935 2044 965 2091 de
983 2044 1122 2104 (lemania,
1138 2048 1230 2106 (Gerra.
1253 2064 1273 2096 c.
1285 2052 1326 2110 6):
1344 2052 1388 2100 Ιιι.

279 2127 329 2171 seni
339 2124 419 2184 telem]
435 2123 498 2170 Vide
508 2123 582 2181 Vssq.
599 2120 653 2168 Lib.
665 2134 684 2167 1.
696 2125 807 2168 controv.
858 2120 957 2165 ferieres
970 2119 1104 2179 simplicius
1116 2127 1138 2168 et
1152 2123 1275 2183 antiquius
1285 2140 1387 2185 mu.

279 2212 301 2245 c.
312 2214 337 2244 x.
349 2199 438 2245 labne.
858 2196 947 2241 tutione
961 2196 1074 2241 madium
1090 2202 1194 2244 ιιιιιιιιιιν.
1231 2202 1336 2260 Servius,
1351 2206 1389 2252 ad

324 2280 335 2305 ⁶
351 2272 379 2318 Si
390 2272 419 2318 de
424 2273 503 2331 pretio
509 2268 662 2328 convenisset]
675 2269 749 2328 Apud
756 2270 807 2315 He·
858 2269 975 2330 Eulopam
985 2284 1019 2316 rv.
1030 2272 1061 2317 ad
1071 2272 1131 2318 illud
1141 2273 1214 2333 (vers.
1224 2276 1281 2336 39):
1297 2278 1387 2327 Muta.

279 2346 357 2393 braeos
376 2348 484 2406 perfecta
500 2358 547 2390 non
565 2348 676 2390 censetur
693 2343 807 2400 venditio,
858 2344 916 2389 bunt
926 2347 1093 2405 morangulo
1102 2349 1195 2408 antiqui
1205 2365 1243 2397 res
1255 2354 1324 2399 retas
1333 2368 1386 2402 ιιιιι.

279 2429 335 2469 ante
342 2421 493 2468 traditionem
502 2434 582 2466 veroin
589 2419 626 2464 vel
634 2418 807 2477 imaginarium.
858 2418 948 2465 labant.
978 2420 1012 2466 Et
1028 2422 1058 2466 ad
1075 2421 1134 2467 illud
1153 2424 1241 2484 Geor-q.
1253 2439 1292 2473 nr.
1310 2428 1385 2487 (vers,

279 2498 352 2557 [Vide
369 2499 481 2545 smnus.
496 2496 536 2542 De
548 2496 611 2541 Jure
625 2494 685 2541 Nar.
700 2499 722 2540 et
738 2494 807 2541 Geni.
856 2493 927 2553 307):
948 2493 1039 2541 Vellera
1054 2502 1185 2544 mutentur.-
1205 2499 1294 2559 iacenti
1303 2506 1385 2561 pretio

278 2572 378 2619 &eina
390 2573 475 2631 discip.
485 2570 560 2615 IIebr.
572 2569 624 2615 Lib.
638 2581 672 2614 vr.
684 2568 747 2625 cd]
856 2576 1029 2629 comparentur.
1059 2571 1124 2618 Νιιιιι
1139 2574 1208 2632 apud
1220 2577 1321 2634 maiores
1336 2594 1386 2626 osa.

321 2646 333 2679 ‘¹
349 2646 487 2705 Simplicior
505 2648 575 2690 estet
591 2640 724 2702 antiquior]
752 2642 806 2701 Ap·
856 2645 1068 2691 nemerciraoniurn
1073 2651 1246 2706 permutatione
1254 2654 1385 2712 comtuhaf,

278 2726 348 2783 paret
362 2721 386 2767 id
401 2736 430 2767 ex
447 2719 547 2765 Homeri
562 2718 669 2763 versibus
681 2717 806 2776 productis
856 2718 923 2777 qued
946 2724 969 2765 et
995 2719 1071 2767 Caius
1090 2722 1217 2771 Homerico
1236 2728 1385 2785 scafis-„m

278 2796 331 2844 Lib.
340 2810 358 2843 1.
368 2796 400 2844 D.
412 2792 621 2845 decertatores
630 2792 746 2839 Earum.
758 2793 807 2839 Te·
856 2796 970 2855 exemplo.
1000 2796 1099 2854 PIInius,
1119 2798 1384 2852 libroxxxur.c.1:

278 3032 346 3091 sets,
364 3027 414 3082 the
431 3030 542 3083 Romen
556 3031 653 3099 Jurists
669 3030 774 3102 rightly
789 3030 882 3085 divide
897 3032 958 3086 into
976 3030 1070 3087 these:
1090 3034 1124 3087 do
1140 3042 1170 3087 ιιι
1185 3036 1245 3088 des:
1256 3035 1336 3107 secio
1350 3046 1382 3092 ιιι

269 3114 469 3186 secicsrsccio
483 3123 514 3169 ιιι
528 3117 580 3171 der.
617 3117 671 3171 See
683 3116 788 3171 Paulus
801 3117 856 3170 and
869 3117 918 3171 the
930 3118 1051 3188 Digesta.
1079 3116 1155 3190 [Dig.
1170 3120 1224 3174 xix.
1236 3117 1277 3187 5.]

336 3206 353 3253 2
379 3201 435 3255 But
458 3201 508 3255 tbe
532 3204 657 3257 Romans
676 3208 777 3274 except
799 3203 874 3257 froin
895 3202 952 3257 this
970 3204 1088 3259 division
1112 3206 1218 3259 certain
1239 3212 1381 3262 contracte

275 3285 365 3341 which
382 3287 450 3359 they
465 3288 519 3343 call
536 3291 671 3343 nominate
686 3292 863 3353 contracts*;
880 3294 931 3343 not
944 3305 976 3343 so
991 3290 1075 3345 much
1090 3290 1210 3346 because
1225 3291 1293 3362 tbey
1309 3291 1381 3346 heve

274 3388 379 3445 proper
395 3391 500 3439 names,
514 3367 572 3447 (for
584 3376 767 3446 pemutetioa
781 3392 814 3429 or
825 3374 976 3446 excbsnga
987 3376 1077 3431 which
1093 3375 1161 3448 they
1172 3377 1290 3433 exclude
1303 3378 1380 3432 from

274 3461 418 3514 nominate
436 3468 584 3525 contracte,
598 3461 648 3515 hes
661 3463 720 3515 also
734 3477 752 3514 a
767 3477 872 3531 proper
893 3453 997 3534 neme)
1018 3479 1049 3516 as
1071 3462 1199 3526 because,
1214 3463 1288 3518 from
1305 3463 1381 3517 their

274 3560 353 3597 more
373 3545 505 3614 frequent
527 3561 586 3608 use,
608 3546 674 3614 they
694 3545 766 3598 heve
786 3546 913 3600 received
930 3564 948 3600 e
970 3548 1076 3602 certain
1095 3549 1173 3603 force
1193 3548 1250 3602 and
1270 3555 1381 3614 nature,

273 3627 365 3682 which
380 3644 445 3698 may
459 3629 496 3681 bo
514 3628 682 3700 sufficiently
695 3630 867 3683 understood
881 3630 919 3703 by
934 3631 983 3688 tho
998 3650 1090 3698 name,
1104 3634 1240 3705 although
1259 3635 1380 3705 nothing

273 3710 310 3766 be
321 3712 381 3766 seld
393 3712 535 3784 specially.
567 3713 693 3768 Whence
704 3715 762 3769 also
775 3716 840 3769 with
854 3720 953 3789 regard
966 3726 996 3773 to
1007 3720 1085 3775 thern
1095 3721 1175 3776 there
1187 3738 1261 3776 were
1273 3722 1380 3775 certain

273 3797 443 3852 established
462 3799 591 3853 formulas
609 3799 641 3853 of
655 3801 771 3855 sctions.
807 3802 900 3858 While
917 3805 946 3859 in
961 3805 1043 3861 other
1058 3814 1209 3871 contracte,
1228 3806 1317 3862 which
1330 3823 1379 3860 ure

272 3882 327 3938 less
342 3883 483 3954 frequent,
501 3883 563 3939 that
578 3885 644 3956 only
655 3904 710 3941 was
725 3888 842 3960 implied
856 3890 946 3944 which
957 3909 1013 3946 was
1032 3894 1196 3965 erpresaed3
1211 3893 1267 3946 and
1285 3893 1379 3948 there-

271 3968 334 4024 fore
350 3969 430 4025 thero
442 3987 497 4023 was
512 3976 563 4025 not
577 3988 632 4044 any
644 3990 774 4028 common
789 3977 846 4030 and
861 3977 941 4030 usual
953 3977 1028 4031 form
1043 3979 1077 4032 of
1087 3979 1192 4040 aetion,
1206 3977 1259 4029 but
1270 3993 1288 4029 a
1302 3978 1378 4030 form

271 4056 502 4111 accommodatcd
517 4064 546 4111 to
560 4057 608 4112 the
622 4059 689 4126 fect,
704 4060 794 4116 which
812 4078 866 4116 was
882 4062 1025 4117 therefore
1039 4061 1131 4115 eolled
1148 4077 1167 4113 a
1181 4061 1255 4113 form
1269 4061 1300 4110 ia
1313 4078 1377 4127 pre·

271 4143 355 4213 script
370 4144 467 4197 ueros.

328 4230 385 4282 For
402 4228 451 4283 tho
474 4245 551 4285 same
573 4248 682 4295 reason,
699 4233 733 4287 of
749 4249 768 4286 a
789 4249 868 4288 more
889 4234 1021 4303 frequent
1043 4244 1094 4282 uso
1116 4228 1145 4281 in
1165 4227 1214 4283 tho
1232 4229 1377 4286 nominate

270 4318 420 4379 contrecto,
436 4315 461 4368 if
470 4319 576 4372 certain
592 4320 739 4392 requisites
753 4335 826 4372 were
840 4324 962 4388 present,
979 4314 1028 4369 the
1043 4314 1180 4386 necessity
1193 4314 1227 4369 of
1245 4315 1376 4388 fulfilling

666 4464 680 4491 '
695 4464 741 4511 See
755 4462 788 4509 Ε.
804 4462 842 4509 Μ.
857 4462 909 4518 708,
925 4461 968 4508 dre.
