3000 5062
282 315 325 383 76
643 324 696 379 DE
719 321 1022 379 CONTRAOTIBUS.
1259 320 1331 390 [Lm.
1346 324 1386 381 11.

119 505 240 547 suec-³2
285 491 392 557 Caesar
419 487 584 576 Augustus
610 485 732 552 notavit
758 485 888 572 aliquos,
921 486 1005 571 quod
1039 484 1185 574 pecunias
1218 485 1388 554 levioribus

285 587 387 654 usuris
403 584 546 661 mutuati,
564 584 703 673 graviori
719 584 841 650 ioenore
858 584 1067 650 collocassent.

357 687 448 751 XXI.
502 683 739 750 Observandum
765 692 872 749 tamen
897 691 954 761 est,
981 705 1048 749 esse
1068 684 1211 769 qoaedsm
1233 688 1324 771 ‘quoe
1343 687 1386 752 ad

282 808 386 852 usurae
403 783 536 871 speciem
557 782 715 859 accedant,
739 804 776 847 ao
797 780 892 869 vulgo
908 804 1012 848 usurae
1028 804 1096 847 esse
1113 782 1290 861 rideantur,
1315 806 1385 850 cum

282 893 387 951 tamen
404 892 497 970 pacta
512 881 574 947 sint
593 880 717 970 generis
740 879 890 947 alterius:
912 889 949 946 ut
973 881 1014 947 de
1038 882 1234 968 repensando
1259 882 1385 962 damno,

283 984 365 1071 qood
389 981 466 1048 lacit
494 980 546 1067 qui
574 978 736 1067 pecuniam
759 979 816 1044 dat
841 988 991 1056 mutuam,
1017 981 1159 1066 eoquod
1184 980 1237 1046 diu
1254 983 1386 1068 pecunia

282 1090 407 1148 careat:
432 1081 507 1146 item
535 1080 575 1146 de
599 1077 686 1145 lucro
711 1077 751 1142 ob
774 1077 875 1144 mutui
897 1078 1054 1145 dationem
1079 1088 1228 1157 cessante,
1250 1080 1384 1148 deducto

281 1180 397 1247 scilieet
416 1178 535 1245 incerto
552 1177 627 1264 spei,
646 1184 679 1243 et
694 1176 802 1242 labore
818 1176 871 1263 qui
887 1177 1065 1244 subeundus
1080 1178 1193 1244 luerat.
1222 1179 1273 1247 Sic
1289 1179 1384 1247 etiam

281 1301 339 1366 pro
356 1277 503 1364 impensis
519 1275 586 1362 ejus
603 1275 657 1362 qui
674 1274 777 1340 multis
794 1275 851 1341 dat
867 1285 1006 1342 mutuam
1023 1277 1194 1363 pecuniam,
1220 1287 1254 1345 et
1269 1278 1303 1344 in
1324 1279 1384 1346 hoc

281 1385 424 1464 paratam
449 1376 565 1441 habet:
590 1383 624 1440 et
639 1396 697 1461 pro
714 1373 850 1459 periculo
867 1374 1048 1441 amittendae
1064 1377 1167 1456 sortis,
1193 1377 1247 1442 ubi
1272 1376 1384 1444 idonee

281 1498 345 1540 non
361 1482 498 1551 meatur,
517 1473 543 1538 si
558 1473 633 1559 quid
648 1471 795 1561 exigitur,
819 1494 915 1539 usura
931 1496 1006 1541 were
1022 1496 1084 1540 non
1102 1484 1158 1541 est
1197 1477 1383 1543 Demosthe·

115 1591 252 1642 ramm-
280 1596 336 1639 nes
365 1573 505 1639 oratione
525 1576 562 1638 io
578 1576 823 1648 Paataeuetum,
846 1593 926 1649 eum,
957 1572 1012 1659 qui
1037 1574 1120 1660 quod
1144 1595 1184 1638 ex
1206 1584 1384 1641 mercatura

280 1682 337 1740 aut
352 1674 484 1739 honesta
500 1693 596 1760 opera
610 1670 754 1758 quaesivit
769 1663 848 1737 ¹¹suh
864 1670 984 1737 modico
1003 1672 1113 1739 lucello
1129 1673 1240 1752 elocat,
1264 1673 1382 1762 partim

271 1850 354 1910 foeruu
369 1861 464 1909 were.
489 1846 560 1908 (Pag.
581 1848 635 1895 124.
653 1845 723 1893 Edu.
742 1845 806 1898 Feli.
854 1845 1380 1909 Maximnahomiiinm.chundraqeolm=

277 1925 369 1986 Brea.)
384 1924 569 1985 chrysostomus
581 1920 718 1981 daJejsoaio
727 1921 805 1969 nida
853 1926 914 1968 noto
926 1922 1013 1980 frater
1023 1922 1191 1982 jieqcoentohis
1209 1923 1339 1980 οοοὶιοίαπι,
1359 1925 1382 1970 ai

277 2000 416 2059 νηστοὺσῃο
425 1998 509 2056 βλέπε
518 1996 553 2058 psi
562 1997 676 2057 δανείσῃς
685 1997 718 2042 τό
726 1995 805 2055 α’ργὺ-
853 2009 948 2057 yrum
957 2000 1009 2042 tuos
1021 1997 1146 2044 lethalibus
1157 1997 1329 2058 laquaaoida
1336 1998 1382 2045 illa

276 2075 331 2133 ριόν
350 2093 396 2121 σου
416 2074 460 2121 ἐπι
477 2073 557 2132 τόκῳ.
581 2071 721 2129 aurasicen
737 2069 805 2130 ‹tla'fl-
854 2070 1244 2130 resimpllmetlnooloatusara
1261 2074 1306 2119 Eis
1319 2074 1381 2119 adda

275 2147 352 2209 ρηξον
371 2148 462 2206 βιαίων
477 2145 701 2205 συναλλαγμάτων
720 2144 804 2205 χειρό-
854 2145 968 2192 Basiliam
980 2147 1005 2192 in
1018 2160 1140 2194 sermones
1147 2147 1246 2194 Domini
1253 2148 1278 2193 in
1290 2153 1382 2205 monn,

276 2228 388 2283 γραφον·
413 2220 552 2278 Stielana,
565 2219 619 2265 cido
634 2233 663 2265 ne
678 2219 805 2277 pomulam
853 2224 879 2266 et
894 2234 948 2279 quse
963 2235 993 2267 ex
1008 2222 1114 2268 conciliis
1127 2224 1263 2283 saucdsqne
1277 2223 1381 2283 scripto-

275 2302 341 2344 tuam
357 2293 703 2356 colloocafoeaoriry'ajuaaa?
723 2307 806 2352 rampo
853 2294 919 2340 ribus
941 2295 1040 2355 collegit
1070 2296 1201 2343 Gratianus
1227 2311 1300 2344 onam
1322 2310 1381 2344 xiv.

275 2373 427 2419 violontorum
435 2376 561 2431 pudorum
574 2369 701 2416 οακιίοαεε.
718 2368 803 2427 (Tom.
853 2374 938 2427 quast.
955 2370 989 2416 iii.
1003 2375 1029 2416 at
1039 2370 1072 2417 iv.
1093 2370 1184 2430 [Nulla
1198 2378 1255 2419 sunt
1268 2372 1380 2419 nomine

275 2459 311 2494 vr.
322 2461 379 2507 pag.
389 2446 456 2505 937.)
476 2446 544 2491 Idem
558 2444 583 2489 in
600 2447 674 2503 capnt
691 2442 803 2488 ultimum
853 2443 954 2490 Bssmu
970 2446 1054 2505 Magni
1064 2445 1089 2490 in
1106 2446 1233 2494 Sermones
1244 2447 1342 2494 Domini
1354 2447 1379 2493 in

275 2535 294 2569 1.
305 2522 335 2567 ad
352 2520 498 2577 Corinthios,
512 2519 553 2578 (Τ.
564 2530 605 2565 111.
619 2530 675 2577 pag.
691 2517 745 2574 634)
760 2529 804 2575 pe·
852 2523 949 2565 montet
964 2521 1006 2566 sed
1021 2534 1070 2566 una
1084 2525 1121 2567 est
1136 2521 1161 2566 in
1171 2521 1261 2570 Psalm.
1271 2522 1319 2570 xiv.
1335 2523 1378 2568 ad·

275 2595 369 2642 cuniam
387 2596 480 2640 toenore
500 2597 596 2653 portam
617 2604 665 2636 non
684 2590 762 2649 magis
781 2590 803 2636 sl
852 2606 935 2640 versus
949 2595 1125 2652 Foeneratores,
1143 2595 1213 2641 Tum.
1223 2609 1241 2643 1.
1257 2610 1313 2656 pag.
1326 2599 1378 2653 13⁶5,

275 2670 301 2715 in
318 2669 492 2728 eleemosynam
508 2668 586 2722 detur,
605 2665 659 2711 Deo
679 2669 801 2725 acceptam
851 2667 1005 2727 «Ποπλᾶ.
1016 2667 1102 2714 Paria.
1113 2667 1179 2715 1638.
1192 2682 1264 2728 quam
1277 2672 1378 2722 Auctor,

276 2756 329 2790 esse
342 2742 386 2795 tit,
398 2754 471 2801 quam
485 2740 506 2786 ti
519 2741 590 2786 detur
602 2753 633 2786 ex
644 2743 739 2798 questu
751 2753 802 2785 ma·
852 2757 926 2802 quum
938 2744 964 2789 in
977 2744 1057 2789 animo
1070 2744 1231 2800 haberetis,
1246 2745 1317 2804 lapsu
1328 2759 1379 2793 me-

275 2816 380 2864 retricio.
405 2814 559 2875 Augustinus
571 2813 642 2873 epist.
656 2826 708 2859 niv.
738 2812 804 2873 Quid
851 2818 941 2874 morire,
954 2831 1081 2878 perperam
1094 2817 1238 2877 designarit.
1267 2818 1295 2866 J.
1306 2818 1355 2880 B.]

276 2893 355 2939 duom
366 2891 396 2937 de
410 2891 496 2946 usum,
511 2903 571 2950 quus
585 2890 656 2935 eliam
670 2889 727 2949 ipsa
741 2889 802 2950 tepea
895 2901 908 2936 a
925 2893 981 2953 Quae
1000 2890 1035 2936 ad
1050 2905 1126 2939 uaaroe
1138 2894 1237 2952 speciem
1251 2895 1376 2957 αοοαάααι]

275 2973 298 3014 et
309 2966 403 3024 judices
421 2964 490 3011 reddi
501 2964 593 3022 jubent.
622 2964 664 3011 Ita
683 2965 803 3011 crudelior
851 2963 885 3010 Et
896 2964 916 3009 si
929 2978 983 3010 oum
992 2965 1054 3023 juris
1066 2966 1170 3013 Romani
1184 2969 1377 3031 consultisloqni

274 3046 316 3099 eat,
329 3041 371 3101 qui
384 3041 503 3087 mitralit
515 3038 612 3101 aliquid
624 3039 662 3086 oel
676 3040 748 3099 eripit
763 3041 802 3087 di·
851 3039 969 3095 volumus,
992 3040 1072 3086 ioenus
1091 3041 1199 3088 odiosam
1217 3057 1304 3090 nomen
1331 3053 1377 3102 est,

274 3114 801 3176 vitigemquitrucidatpouperemfoeuore.
851 3128 924 3160 usura
939 3128 987 3159 non
1010 3115 1077 3162 item.
1110 3117 1193 3164 Usum
1212 3132 1258 3164 noa
1275 3126 1377 3180 propter

272 3334 323 3391 the
336 3335 496 3409 separation
513 3333 599 3406 being
616 3333 704 3390 taken
721 3350 800 3405 away
814 3333 852 3405 by
866 3333 916 3388 the
932 3334 1046 3405 Gospel,
1060 3334 1117 3389 and
1131 3333 1181 3390 the
1199 3341 1273 3391 term
1286 3337 1375 3409 asipt-

272 3423 340 3477 boor
353 3438 432 3478 more
446 3422 547 3492 widely
560 3419 709 3476 extended.
748 3420 786 3474 So
804 3419 968 3474 Lactantius
982 3419 1039 3473 and
1053 3421 1218 3476 Ambrosius
1233 3423 1374 3477 condemn

271 3524 366 3577 usury.
404 3506 468 3560 And
486 3506 628 3576 Augustus
643 3504 730 3560 noted
744 3505 791 3558 for
807 3505 914 3559 rehuke
931 3521 1010 3560 some
1027 3506 1089 3561 who
1105 3506 1250 3562 horrowed
1268 3524 1373 3580 money

271 3597 302 3645 at
313 3591 368 3644 low
381 3590 499 3644 interest
512 3589 569 3642 and
580 3589 641 3642 lent
655 3590 678 3642 it
692 3595 723 3642 at
736 3587 813 3659 high.

326 3674 411 3727 XXI.
455 3673 523 3727 Itis
543 3679 574 3726 to
592 3673 628 3727 bo
640 3672 784 3738 ohserred,
798 3673 935 3742 however,
952 3677 1016 3733 that
1029 3677 1111 3732 thero
1125 3692 1174 3732 are
1186 3693 1264 3733 some
1278 3678 1374 3751 things

272 3757 363 3813 which
381 3757 523 3828 approach
543 3763 574 3812 ιο
593 3757 643 3812 the
662 3763 763 3813 nature
782 3757 813 3812 oi
831 3776 925 3834 usury,
947 3763 1004 3817 and
1018 3764 1179 3834 commonly
1192 3779 1242 3818 aro
1261 3763 1326 3819 hold
1342 3771 1373 3820 to

271 3844 309 3899 he
323 3860 418 3914 usury,
430 3842 520 3897 which
535 3858 584 3897 are
601 3850 680 3914 paots
695 3843 728 3898 oi
742 3844 862 3900 another
873 3847 957 3903 kind:
975 3865 1006 3904 as
1020 3856 1100 3920 pacto
1110 3849 1157 3904 for
1170 3850 1285 3920 making
1298 3851 1373 3921 good

271 3929 321 3986 the
331 3930 388 3985 loss
399 3927 489 3983 which
508 3928 546 3983 he
560 3928 659 3983 suffers
676 3929 738 3983 who
755 3930 836 3987 lenda
851 3950 961 4005 money,
972 3934 1011 4006 by
1022 3934 1107 4005 being
1120 3934 1191 4006 kept
1209 3942 1259 3990 out
1276 3935 1310 3989 of
1327 3936 1372 3991 his

270 4033 373 4088 money
386 4031 418 4071 so
436 4015 519 4086 long:
538 4013 595 4067 and
610 4030 647 4067 on
662 4022 781 4071 account
798 4017 832 4073 of
842 4019 892 4074 the
905 4021 970 4090 gain
988 4020 1079 4074 which
1094 4020 1143 4075 tho
1159 4021 1372 4091 money-landet

270 4104 343 4158 loses
354 4102 392 4175 by
406 4101 531 4172 leading,
542 4098 694 4172 deducting
706 4101 780 4157 what
791 4106 975 4177 corresponds
989 4111 1020 4160 to
1035 4106 1084 4161 tho
1096 4107 1274 4178 uncertainty
1286 4106 1320 4161 of
1327 4107 1372 4162 his

270 4187 368 4259 hopes,
387 4187 445 4243 and
464 4186 514 4241 the
533 4184 634 4239 labour
650 4186 687 4241 he
709 4189 801 4243 would
820 4189 892 4246 have
909 4191 965 4246 had
982 4197 1013 4246 to
1027 4192 1162 4263 undergo.
1200 4192 1265 4246 And
1280 4193 1371 4263 again,

270 4272 296 4326 if
305 4273 440 4344 anything
451 4272 488 4326 bo
499 4270 657 4326 demanded
671 4290 709 4328 on
722 4282 842 4332 account
856 4278 890 4332 of
901 4293 1035 4348 expensos
1047 4277 1178 4332 incurrod
1188 4277 1226 4349 by
1237 4277 1297 4332 him
1308 4278 1371 4334 who

270 4356 350 4411 lends
362 4374 464 4427 money
474 4362 505 4411 ιο
517 4372 610 4427 many,
626 4360 681 4413 and
697 4360 748 4417 has
763 4363 787 4417 it
802 4363 889 4435 ready
900 4363 947 4417 ior
960 4362 1023 4417 that
1033 4379 1173 4434 purpose;
1195 4364 1251 4418 aud
1263 4365 1310 4419 ior
1322 4364 1371 4419 tho

271 4440 377 4512 danger
395 4442 428 4497 ol
443 4441 534 4512 lesing
547 4441 596 4499 the
614 4446 760 4520 principal,
774 4448 867 4504 where
881 4448 937 4504 due
950 4448 1073 4521 security
1086 4450 1111 4504 is
1125 4454 1176 4504 not
1189 4449 1292 4519 taken3
1314 4448 1371 4506 this
