3000 5062
281 299 345 362 302
728 306 781 360 nn
803 305 941 363 Pensm.
1257 297 1333 374 [un.
1349 304 1392 360 ιι

282 471 331 535 Ea
355 476 459 535 autem
475 467 560 535 nasei
585 467 664 534 solet
689 489 728 534 ex
746 468 945 556 generalibus
968 465 1179 534 invitamentis
1195 466 1237 532 ad
1256 487 1391 553 pecean-

282 569 367 644 dum,
384 590 455 654 quae
469 567 597 655 reprimi
609 566 668 632 nisi
679 568 802 633 acribus
814 567 959 635 remediis
970 575 1138 652 nequeunt
1172 565 1390 633 Invitamenta

282 676 386 733 autem
403 667 560 754 praecipua
575 675 657 743 sunt,
675 666 865 733 consuetudo
881 676 915 734 et
930 665 1070 732 facilitas

358 768 496 835 XXXV.
540 767 591 832 Ob
610 765 790 832 facilitatem
807 765 859 831 lex
876 765 982 832 divim
997 764 1144 831 Hebraeis
1160 763 1236 830 deta
1252 763 1387 853 gravius

283 866 373 952 punit
388 866 506 932 furtum
523 867 584 931 ‘de
599 886 713 953 pascuo
729 887 823 951 quam
840 865 880 931 de
896 866 997 942 domo,
1015 865 1116 930 Exod.
1134 863 1209 932 xxii
1224 867 1243 928 l
1258 872 1293 930 et
1305 862 1338 941 7,
1354 867 1387 932 9.

282 966 307 1029 J
308 966 427 1032 ustinus
443 966 483 1031 de
501 965 651 1052 Scythis:
676 966 808 1030 uellem
824 967 927 1031 scelus
943 968 1035 1050 apvtd
1056 967 1216 1049 maforte
1233 966 1386 1048 praciam,

282 1068 401 1152 quippe
413 1069 483 1131 siue
496 1078 575 1131 tecto
590 1067 846 1147 menimentoque
855 1087 975 1148 peoora
987 1077 1018 1130 et
1030 1075 1181 1129 ormesta
1190 1064 1387 1129 habentibus

282 1168 364 1247 quid
379 1167 507 1232 ealcum
523 1178 613 1244 esset,
634 1166 665 1230 ei
677 1167 802 1250 furaci
819 1165 956 1230 liceret?
996 1162 1103 1229 Simile
1118 1161 1195 1227 illud
1211 1163 1245 1226 in
1261 1160 1385 1227 Aristo-

281 1263 353 1328 telis
383 1263 587 1351 problematis
620 1263 755 1328 sectione
781 1284 877 1328 xxrx.
910 1260 929 1330 ὁ
962 1259 1138 1343 νομοθέτης
1164 1256 1230 1355 οὐχ
1258 1257 1385 1331 bevotis

281 1356 382 1432 ὄντας
399 1358 603 1451 ἡγησάμενοι
619 1365 700 1430 εἶναι
718 1357 880 1455 φύλακας,
907 1359 969 1432 τᾶν
986 1360 1079 1443 νόμον
1101 1358 1215 1431 αὐτοῖς
1233 1356 1381 1442 ἐπέστη-

281 1482 349 1529 σεν·
376 1463 457 1545 lepis
473 1469 591 1527 auctor
608 1484 681 1527 cum
696 1465 794 1527 sciret
819 1454 911 1528 hillis
924 1465 961 1526 iu
979 1464 1057 1528 ἰοοίε
1073 1464 1220 1526 domim
1234 1484 1287 1528 rea
1302 1483 1385 1527 suas

282 1563 443 1627 custodire
465 1583 529 1626 aea
544 1583 648 1647 posse,
675 1564 836 1627 mestcdem
863 1563 960 1647 lepem
981 1563 1127 1629 eddidit.
1180 1559 1384 1626 Consuetudo

280 1660 356 1725 sacti
372 1660 430 1727 etsi
454 1659 572 1745 aliquid
590 1660 728 1726 detrabit
752 1660 793 1726 de
810 1659 901 1747 eulpa
918 1662 995 1744 (nou
1010 1664 1083 1727 eine
1105 1662 1234 1727 ratione
1250 1660 1384 1725 uenwm

119 1778 164 1819 bb
173 1779 201 1819 ¹v·
209 1780 267 1830 Bes
281 1762 380 1839 dedit,
393 1759 494 1846 inquit
505 1758 632 1837 Plinius,
638 1763 737 1846 fecto
750 1763 848 1826 vetito
860 1762 999 1846 quidem,
1012 1782 1076 1826 eon
1089 1772 1196 1826 tumen
1208 1761 1383 1841 inemtate)

280 1881 381 1945 poeuae
396 1869 502 1926 tamen
518 1858 717 1924 acrimoniam
733 1881 773 1924 ex
792 1858 896 1947 eliqua
912 1868 1003 1946 parte
1019 1858 1158 1948 flagitat:
1183 1857 1329 1945 quoniam
1347 1866 1384 1923 ut

280 2165 338 2233 est,
364 2157 485 2223 ratione
505 2157 614 2223 habita
639 2157 786 2244 temperis
806 2180 868 2245 quo
892 2158 980 2246 leges
1003 2166 1060 2223 aut
1078 2156 1195 2244 judicia
1215 2156 1383 2222 serunturr

280 2256 354 2342 quia
368 2278 471 2344 poenae
483 2256 605 2323 utilitas
617 2257 716 2345 magis
727 2256 760 2321 in
774 2257 1008 2324 universalitate
1020 2264 1179 2345 spectatur
1191 2255 1274 2321 drea
1287 2275 1385 2341 quam

278 2364 352 2422 sunt
368 2357 473 2445 leges:
499 2356 590 2443 eulpa
606 2365 711 2422 autem
729 2354 828 2443 major
844 2365 900 2424 aut
917 2355 1019 2421 minor
1036 2355 1134 2422 estin
1150 2354 1291 2445 singulis.

322 2540 335 2575 t
350 2532 389 2577 Dc
400 2545 492 2590 pascuo
507 2546 579 2590 quum
593 2531 623 2577 de
637 2530 717 2592 ᾱοοιο]
741 2531 804 2580 Vide
854 2532 984 2579 Portubus.
1007 2531 1119 2577 Diximus
1128 2530 1199 2591 plura
1208 2527 1313 2576 inhietis
1321 2527 1385 2576 Gal·

278 2605 449 2651 Muimenidem
460 2606 687 2653 Dinomenen.
719 2605 804 2652 Cicero
853 2605 914 2653 lieis.
945 2606 972 2653 J.
983 2604 1028 2666 Β.]

277 2693 322 2738 pro
340 2681 414 2725 Sexto
431 2680 519 2724 Roscio
536 2680 665 2726 Amerino:
685 2684 756 2738 atque
775 2694 804 2726 ea
899 2681 905 2714 ¹
922 2681 1048 2741 Supplicia
1062 2680 1153 2726 meritis
1166 2677 1273 2739 minore]
1290 2678 1384 2725 Justin.

276 2759 331 2800 runt
350 2753 559 2798 animaduertenda
574 2758 676 2812 peccata
695 2755 804 2812 maxime,
855 2768 885 2803 11.
904 2755 1000 2802 Hunuis
1017 2755 1130 2811 scribens,
1149 2753 1280 2811 Ῥωμαιοις
1297 2751 1384 2799 ἔνεστι

276 2842 327 2888 quae
337 2827 476 2889 difficillm
480 2831 652 2886 praesumitur.
671 2827 804 2888 (captu.)
854 2830 888 2889 μοὶ
906 2828 1059 2877 ἀντιτιθέναι
1080 2829 1127 2875 ra'r
1143 2830 1265 2887 τιμωρίας
1281 2826 1384 2886 leodid-

321 2902 404 2949 hIllic
421 2903 446 2947 in
461 2900 530 2961 locis]
552 2902 582 2947 ln
598 2902 704 2948 balneis:
727 2909 805 2950 morte
853 2904 1384 2965 rousreirrhnyryechriysuue·Remmiam

276 2979 445 3041 plectebantur
455 2976 558 3023 Athenis
572 2976 637 3023 fures
647 2977 768 3035 belesarii,
784 2978 804 3024 si
854 2980 894 3026 hic
907 2985 948 3037 ert,
962 2993 1008 3025 noa
1022 2979 1133 3040 irrepere
1143 2992 1228 3039 Μαι
1236 2992 1311 3038 perer
1325 2993 1382 3038 pcc-

276 3054 403 3101 testimatio
419 3057 482 3100 esset
493 3051 570 3113 major
581 3053 663 3099 decem
678 3053 804 3101 drachmis.
854 3057 957 3103 cantium
972 3056 1062 3102 merite.
1095 3055 1138 3116 [In
1153 3055 1253 3116 Ecloyis
1266 3055 1383 3115 leyetio·

276 3126 452 3176 Demosthenes
461 3133 544 3175 centra
555 3127 717 3175 timeor-atem.
731 3129 803 3175 Adde
853 3145 915 3189 uum,
923 3146 953 3177 ex
963 3130 1253 3186 MenandrePretectere,
1262 3132 1381 3190 peg.131.

276 3203 367 3252 1.1.1).
378 3204 407 3250 ele
409 3204 512 3264 juribus
522 3203 660 3250 balneariis.
686 3203 802 3264 [Leuso-
853 3205 1031 3254 nailoesetel.
1047 3207 1088 3251 nbi
1106 3205 1219 3253 «lustinus
1234 3219 1283 3252 non
1296 3206 1383 3252 scribit

276 3280 339 3328 lonis
353 3286 433 3328 exstet
446 3295 504 3341 pag.
517 3280 563 3328 476
572 3292 596 3326 u.
614 3280 738 3327 Orationis
753 3281 803 3327 De-
853 3280 957 3338 Ηιοοιίο,
979 3282 1021 3327 sed
1036 3294 1141 3340 praesens
1157 3281 1265 3340 loquitur
1279 3278 1382 3340 Legatis

276 3357 445 3403 mosthenieu:
460 3356 502 3402 sed
516 3356 542 3401 in
555 3355 598 3401 ille
611 3356 693 3415 agitur
708 3360 802 3403 tentum
853 3355 1154 3417 steniRegisArernm.
1183 3353 1262 3414 J.B.]

277 3430 346 3477 deiis
360 3432 401 3492 qui
416 3431 596 3478 iurabanttuiu
608 3431 744 3491 Gymnasiis
760 3436 804 3479 aut
898 3430 1015 3478 ⁶Nullibi
1037 3436 1117 3478 exstat
1136 3430 1193 3477 talis
1211 3428 1333 3476 mutantia
1354 3428 1381 3476 iu

329 3683 454 3738 XXXV.
494 3683 538 3738 Ou
557 3691 677 3740 account
691 3685 725 3740 ef
741 3685 790 3740 the
797 3688 918 3759 sacility,
936 3687 986 3742 tbe
1002 3687 1095 3742 divine
1114 3686 1168 3740 lavv
1186 3685 1269 3756 ςὶιοιι
1282 3691 1313 3741 ιο
1328 3685 1380 3741 the

277 3766 411 3821 Hebrews
429 3768 561 3838 puuishes
576 3786 654 3824 more
677 3769 788 3840 beavily
807 3770 883 3826 thest
897 3772 974 3827 from
991 3773 1040 3827 the
1058 3771 1125 3828 field
1143 3771 1214 3826 theu
1234 3771 1308 3827 from
1327 3771 1379 3827 the

275 3851 382 3917 heuee;
396 3854 486 3908 Exod.
499 3855 562 3908 xxii.
573 3860 588 3908 1
600 3855 655 3909 end
666 3857 690 3911 7.
721 3856 759 3910 So
770 3857 865 3911 Justin
876 3874 939 3929 says
950 3857 1000 3912 the
1012 3858 1161 3930 Scythiam
1172 3863 1292 3912 account
1302 3856 1379 3912 thest

275 3956 295 3994 a
304 3946 379 3994 most
393 3940 510 3996 heincus
523 3941 617 4005 crime,
631 3941 662 3995 in
675 3958 867 4014 consequence
881 3945 914 3997 of
925 3945 961 3999 ite
975 3943 1083 4016 iacility
1097 3960 1200 4015 among
1211 3942 1286 3998 their
1296 3943 1380 3997 unin-

275 4026 370 4083 elosed
383 4027 476 4083 herde.
512 4027 551 4082 So
566 4027 708 4083 hristetle.

330 4112 391 4168 The
406 4123 507 4169 οοιιοοι
518 4113 552 4168 oi
560 4130 597 4166 au
608 4120 663 4178 aet,
675 4113 783 4186 though
795 4115 818 4170 it
829 4115 969 4171 subtracta
987 4116 1146 4187 something
1156 4115 1231 4170 from
1243 4113 1293 4170 the
1304 4114 1379 4170 fault

276 4197 321 4265 (se
336 4198 441 4271 Pliny),
459 4205 507 4271 yet
524 4216 561 4254 on
576 4216 631 4254 one
648 4200 709 4255 side
720 4201 743 4255 it
757 4201 892 4257 demands
908 4203 1039 4273 severity,
1050 4208 1081 4257 te
1095 4208 1172 4258 meet
1190 4200 1240 4257 the
1256 4201 1379 4272 prevail-

276 4285 325 4355 iug
336 4285 399 4339 evil.
434 4287 491 4340 But
506 4285 535 4338 in
549 4286 702 4357 particular
709 4287 881 4359 judgments,
889 4305 931 4343 we
942 4293 1017 4343 must
1028 4304 1106 4343 more
1121 4288 1184 4343 lean
1197 4293 1228 4342 te
1239 4287 1380 4358 lenieney,

276 4369 306 4424 in
321 4371 435 4442 making
449 4372 523 4436 lave,
536 4378 567 4427 to
578 4373 698 4444 severity
710 4393 718 4439 ;
731 4373 828 4445 taking
842 4380 962 4429 account
971 4373 1004 4428 of
1014 4372 1064 4429 the
1075 4375 1145 4429 time
1156 4373 1237 4427 when
1250 4372 1300 4427 the
1311 4374 1379 4428 lave

276 4469 310 4508 er
324 4455 373 4510 the
383 4456 545 4528 judgments
557 4474 605 4514 are
621 4458 770 4525 delivered,
783 4459 902 4516 because
917 4459 967 4515 tho
980 4459 1076 4532 utility
1089 4459 1123 4515 ei
1134 4459 1183 4514 the
1194 4457 1379 4532 punishment
