3000 5062
154 313 223 367 Cur.
239 307 337 375 XHL]
524 309 574 361 Du
597 308 887 362 JUREJURANDO.
1198 299 1255 358 1111

152 475 326 562 depositum
345 495 384 538 ex
402 472 468 560 ipso
492 473 631 561 gentium
650 473 723 559 jure
740 475 953 539 nre'ddendum
975 474 1100 552 latroni,
1119 472 1145 539 si
1162 474 1258 540 domi-

153 597 214 641 nus
230 597 291 640 nou
308 583 448 660 apparet,
467 582 552 638 reete
569 595 589 638 0
604 573 809 660 Tryphonino
826 578 1007 661 responsum
1025 582 1081 640 est.

230 677 252 740 3
287 675 393 751 Quare
410 672 544 759 probare
561 694 623 737 nou
647 694 770 758 possum
790 674 874 759 quod
891 696 910 738 0
927 673 1110 759 quibusdam
1127 683 1175 740 est
1192 682 1258 741 tra·

154 775 262 851 ditum,
295 794 366 839 eum
398 771 452 858 qui
481 770 621 857 praedoni
644 772 806 857 quicquam
830 773 1016 857 promiserit,
1042 783 1258 840 momentanea

152 873 304 939 solutione
321 892 412 959 posse
428 870 566 959 defungi,
584 870 630 936 ita
647 879 682 935 ut
698 870 790 935 liceat
807 870 836 936 ei
853 871 936 956 quod
952 871 1045 936 solvit
1060 893 1256 959 recuperare.

153 974 261 1041 Verba
285 972 368 1037 enim
393 970 427 1035 iu
448 969 627 1057 juramento
654 970 757 1054 quoad
784 970 888 1035 Deum
916 969 1137 1056 simplicissime
1163 980 1259 1058 atque

152 1074 233 1138 adeo
249 1092 321 1137 eum
335 1070 445 1137 effectu
462 1078 534 1135 sunt
550 1067 763 1157 intelligenda.
806 1069 911 1155 Atque
928 1069 998 1134 ideo
1015 1070 1068 1155 qui
1085 1069 1201 1137 redivit
1216 1072 1258 1137 ad

154 1172 277 1237 hostem
305 1170 393 1248 clam,
418 1168 595 1254 iterumque
623 1167 710 1244 abiit,
741 1190 805 1232 nou
833 1168 984 1234 satisfecit
1007 1168 1188 1256 juramento
1217 1171 1258 1236 de

156 1271 269 1346 reditu,
287 1279 323 1337 ut
338 1278 424 1334 recte
439 1290 460 1334 a
476 1276 587 1334 senatu
604 1268 745 1332 Romano
759 1266 931 1353 judicatum
949 1278 1006 1336 est.

227 1371 320 1437 XVI.
373 1371 392 1433 1
428 1367 511 1433 illud
529 1388 603 1433 vero
620 1365 807 1432 Accianum:
1269 1376 1405 1472 malpha&

283 1491 317 1545 Τ.
363 1489 484 1560 Fregisti
498 1487 592 1543 fldem.

282 1575 318 1630 A.
364 1575 457 1639 Quam
474 1590 567 1646 neque
589 1574 664 1642 dedi,
686 1592 778 1648 neque
800 1575 836 1629 do
855 1576 963 1631 infideli
983 1577 1121 1649 cuipiamr

156 1674 208 1740 110
224 1674 349 1740 demum
370 1672 498 1761 probari
518 1681 633 1758 potest,
656 1673 682 1739 si
701 1673 809 1760 jurate
827 1673 992 1806 promissio
1008 1683 1120 1760 aperte
1135 1695 1258 1762 respec-

154 1783 222 1838 tum
250 1772 396 1839 hebuerit
420 1771 549 1837 alterius
578 1772 796 1859 promissionis,
827 1774 916 1857 ‘'quae
943 1772 973 1838 ei
1002 1773 1091 1859 quasi
1122 1773 1236 1840 condit
1214 1786 1258 1839 tro

156 1873 252 1939 fuerit
266 1871 426 1959 implicita,
444 1893 507 1936 non
531 1871 558 1935 si
579 1872 695 1937 diversi
716 1870 841 1961 generis
863 1871 926 1935 siut
949 1872 1110 1958 promissa,
1129 1882 1162 1938 et
1181 1874 1383 1992 011101.οΜἸ
1358 1900 1421 1983 oneo

156 1981 332 2058 respectum
348 1979 509 2037 mutuum:
536 1979 611 2035 tunc
628 1970 709 2036 enim
727 1969 849 2034 omniuo
867 1969 1054 2035 servandum
1071 1970 1181 2055 cuique
1198 1970 1260 2037 erit
1271 1993 1399 2039 orum.

158 2069 273 2156 quod
265 2092 331 2157 ipse
349 2069 477 2155 juravit.
520 2070 624 2154 Atque
647 2070 706 2135 hoc
730 2066 853 2133 nomine
878 2067 1035 2157 Regulum
1060 2069 1239 2137 laudans
1215 2091 1260 2136 010

158 2169 322 2256 compellat
339 2168 432 2234 Silius
448 2167 529 2252 (Lib.
548 2190 591 2234 vv.
610 2190 690 2234 vers.
708 2170 762 2245 63,
781 2168 856 2252 64):

342 2290 406 2355 Qui,
421 2290 537 2361 longum
552 2306 663 2363 semper
677 2289 754 2344 fama
768 2288 903 2360 gliscente
918 2305 970 2359 per
984 2305 1083 2354 sevum,

341 2376 441 2432 infidis
455 2393 579 2431 00110000
594 2376 679 2431 fidem
694 2375 888 2430 memorabere
902 2376 1005 2430 Poenis.

156 2531 226 2579 Deo.-
252 2530 445 2592 Juusrrswrusr,
471 2546 519 2593 per
542 2532 627 2590 Deam,
647 2533 683 2580 att
732 2532 805 2578 sibus.
820 2531 934 2593 Polybius
942 2530 1258 2591 (Exemptdcl'trtaetl'tt.

156 2606 208 2666 ipss
223 2607 324 2663 Auctor,
336 2608 427 2654 Adnot.
442 2607 466 2652 in
483 2607 582 2653 Numer.
592 2610 682 2655 nuh.
733 2622 757 2666 p.
766 2609 832 2654 1470.
843 2607 892 2654 Ed.
901 2607 985 2665 Amet.)
996 2613 1021 2653 et
1035 2607 1156 2653 Diodorus
1167 2607 1261 2654 Siculus

159 2681 248 2728 Confer
263 2682 431 2728 Pressouar.
449 2680 488 2728 De
503 2681 565 2728 Jurs
580 2680 641 2727 Nat.
661 2686 684 2727 ct
733 2683 1045 2742 iueroerptisPeiresiauis,
1055 2683 1089 2743 (p.
1097 2684 1159 2742 331.)

160 2755 227 2802 Gent.
239 2757 292 2803 Li.b
304 2769 340 2802 iv.
351 2770 403 2816 cup.
415 2759 437 2802 2.
449 2756 498 2815 58.
777 2758 895 2818 Qu⁰aeie
886 2773 975 2818 quasa
987 2774 1029 2806 co
1030 2759 1173 2820 dtsofiaerst
1183 2758 1261 2819 ampl

202 2822 379 2879 Reddendum
389 2832 468 2879 latro
453 2831 568 2893 Jut
548 2847 616 2892 siqua
626 2846 683 2893 reg
733 2832 834 2893 cita]C.
845 2835 1035 2894 perventquod
1046 2841 1083 2880 est
1093 2848 1134 2882 111
1147 2835 1261 2881 delusc-

157 2919 249 2953 numr
230 2908 281 2953 sine
296 2908 353 2968 jure
367 2907 461 2964 invasit,
478 2908 598 2967 quomodo
620 2908 683 2954 Oro·
727 2908 844 2965 jurando.
861 2909 961 2955 Addel.
975 2910 1126 2969 legsiundo,
1142 2909 1261 2957 cinfine

156 2981 219 3028 serui
238 2981 372 3042 depositum
393 2981 514 3027 redditum
534 2994 549 3026 0
568 2982 684 3028 Prienen·
735 2983 767 3030 D.
779 2983 1044 3043 detepecommissors'a.

211 3237 229 3287 3
249 3229 418 3286 Whereiore
429 3230 444 3285 1
459 3236 563 3286 cannot
575 3248 698 3303 approve
714 3231 789 3285 what
808 3232 832 3284 is
851 3231 992 3286 delivered
1004 3231 1043 3302 by
1055 3247 1133 3286 some
1145 3231 1260 3297 writers,

158 3316 268 3373 11101110
281 3316 343 3371 who
354 3316 404 3371 has
416 3317 557 3388 promised
569 3317 706 3389 anything
718 3324 747 3370 to
759 3332 777 3369 a
788 3316 892 3369 robber
901 3333 967 3387 may
978 3314 1124 3386 discharge
1135 3314 1178 3370 his
1191 3315 1262 3387 duty

158 3401 197 3474 by
211 3421 228 3457 0
239 3408 415 3474 momentary
426 3409 569 3475 payment,
581 3403 636 3457 and
645 3403 682 3457 be
693 3402 811 3456 allowed
826 3400 971 3455 forthwith
987 3408 1017 3455 to
1027 3401 1093 3455 take
1102 3399 1174 3455 back
1186 3401 1261 3456 what

159 3488 196 3544 he
209 3487 261 3542 has
273 3488 349 3560 paid.
384 3488 442 3543 For
453 3488 543 3543 words
558 3489 627 3543 used
642 3489 672 3541 in
684 3504 721 3542 en
735 3486 812 3552 oath,
827 3488 882 3542 aud
896 3504 936 3552 00,
950 3487 1071 3543 towards
1084 3487 1157 3551 (lod,
1169 3493 1261 3544 arete

158 3572 195 3629 10
210 3573 382 3628 understood
403 3573 472 3628 with
493 3575 584 3629 entire
600 3574 764 3646 simplicity3
789 3574 846 3627 and
864 3573 1017 3640 therefore,
1039 3592 1070 3630 00
1093 3591 1123 3630 00
1141 3581 1171 3629 10
1190 3573 1262 3629 have

160 3661 251 3716 effect.
274 3659 340 3714 And
349 3659 500 3723 therefore,
511 3659 549 3714 he
562 3659 625 3714 who
639 3661 772 3716 returned
783 3667 813 3716 to
823 3659 872 3716 the
880 3678 982 3734 enemy
991 3661 1194 3733 clandestiuely
1205 3660 1262 3715 and

160 3762 239 3800 come
257 3762 336 3818 swsy
354 3746 446 3816 again,
465 3745 513 3799 did
533 3751 584 3800 not
602 3747 700 3818 setissy
714 3746 758 3801 his
773 3747 841 3802 0011
857 3747 919 3803 1101
935 3747 973 3804 10
991 3748 1085 3803 would
1101 3753 1210 3812 return,
1230 3762 1262 3801 00

159 3848 213 3886 was
228 3831 332 3903 rightly
346 3830 455 3902 judged
469 3831 507 3902 hy
521 3831 571 3887 tho
585 3833 696 3887 Roman
712 3833 824 3887 Senate.

216 3916 298 3973 XVI.
337 3923 351 3970 1
373 3916 430 3972 Are
442 3916 523 3972 osths
535 3923 565 3972 10
578 3935 595 3972 0
606 3918 731 3972 1011111000
746 3933 849 3990 person
863 3924 914 3972 uot
925 3924 955 3973 to
965 3917 1003 3973 be
1013 3917 1094 3988 kept:
1111 3933 1141 3971 00
1153 3916 1264 3982 Accius,

160 4002 266 4073 quoted
277 4003 305 4055 in
323 4002 443 4058 Cicero’s
457 4002 555 4075 Offices,
573 4002 673 4057 holds?

217 4087 320 4142 Notis
335 4088 385 4143 the
403 4105 494 4144 swovn
508 4090 632 4159 promise
646 4086 704 4139 had
724 4084 867 4156 evidently
886 4092 997 4156 respect
1017 4091 1047 4140 to
1061 4081 1182 4138 another
1198 4100 1263 4156 pro·

160 4172 231 4228 mise
248 4172 338 4228 which
356 4191 412 4229 was
433 4191 451 4228 a
468 4180 528 4228 sort
545 4173 580 4227 of
598 4171 716 4242 implied
739 4171 893 4225 condition.
931 4170 989 4223 But
1010 4168 1079 4239 they
1104 4185 1153 4223 010
1173 4176 1204 4224 10
1228 4170 1263 4226 10

160 4257 238 4330 kept,
252 4259 279 4313 if
291 4259 340 4314 the
348 4261 484 4332 promises
499 4275 547 4313 are
562 4258 595 4311 of
607 4274 624 4311 a
639 4256 747 4311 diverse
762 4255 840 4319 kind,
852 4255 907 4308 and
923 4253 1042 4308 without
1051 4253 1160 4309 mutual
1175 4255 1264 4311 refer·

161 4360 247 4400 enee:
270 4344 316 4399 for
336 4344 405 4401 then
425 4344 494 4399 each
512 4349 589 4398 must
603 4342 719 4396 observo
743 4340 819 4395 what
836 4340 874 4395 he
893 4339 946 4395 has
959 4356 1067 4394 swern.
1112 4340 1177 4396 And
1198 4341 1264 4398 thus

159 4426 286 4501 Regulus
300 4431 324 4486 is
336 4431 448 4504 praised
463 4429 502 4503 hy
514 4430 599 4486 Silius
613 4429 659 4483 for
672 4427 794 4500 koeping
807 4425 881 4482 scith
895 4425 963 4482 with
977 4427 1026 4483 the
1040 4425 1176 4486 suithless.
