3000 5062
278 292 341 353 ΞΜ
723 301 775 355 DE
797 302 935 357 POENIS.
1256 298 1329 369 [lam.
1340 300 1383 357 11.

115 484 252 569 ἰειυςίιιινιι,
278 480 436 532 vercerroto
448 470 605 553 percutio.
654 468 696 531 Et
710 466 803 532 alibi:
829 491 868 533 oe
884 469 1015 552 viperas
1031 468 1159 553 quidem
1181 478 1211 532 et
1227 469 1384 545 notrices,

166 558 172 569 ’
279 579 309 631 et
328 568 360 632 si
382 590 450 653 quo
473 590 583 634 morer
603 579 662 631 aut
687 569 756 632 ictu
777 578 898 641 nocent,
916 569 1132 650 effligeremcs,
1150 569 1181 633 si
1197 568 1385 653 etreliqua

279 670 519 752 monstrcfooere
535 682 710 754 possemus,
737 678 797 733 aret
821 669 938 751 efficere
962 687 1001 730 uc
1022 667 1113 731 nobis
1129 668 1272 751 aliisquo
1290 669 1386 751 peri-

192 837 202 855 ,
279 767 352 831 cubo
368 779 477 833 essem.
529 770 622 851 Erpo
647 789 686 832 oc
710 767 836 831 leomini
858 766 988 852 quidem
1010 766 1192 832 nocebimos
1206 768 1288 848 quio
1305 788 1385 852 pec·

280 868 378 942 cavit,
396 869 453 932 scd
468 889 507 931 oe
519 878 637 952 peccet.

356 968 378 1029 4
413 966 475 1031 Sed
498 988 568 1030 eum
590 974 623 1030 et
644 963 719 1031 fecti
736 963 893 1051 inquisitio
910 986 994 1052 soepe
1011 985 1157 1054 magnam
1174 963 1382 1053 diligentiam,

280 1072 313 1129 et
329 1085 432 1150 poenae
458 1064 620 1131 aestimatio
642 1064 773 1130 multum
794 1064 968 1151 prudentiae
993 1073 1026 1130 et
1042 1063 1196 1150 requitatis
1213 1064 1383 1141 desideret,

280 1183 320 1228 ne
336 1163 409 1228 dum
428 1164 557 1250 quisque
579 1163 619 1229 de
639 1186 673 1229 se
693 1163 819 1228 nimium
836 1172 1048 1250 praesumeret,
1066 1164 1135 1229 eliis
1150 1185 1211 1228 non
1226 1162 1384 1229 credenti-

280 1260 347 1337 bus,
373 1262 451 1327 rixne
479 1262 645 1340 orirentur,
672 1284 710 1327 eo
738 1262 853 1349 plncuit
882 1262 1040 1328 hominum
1061 1262 1155 1349 justis
1178 1262 1382 1329 communite-

279 1359 362 1425 tibus
387 1383 440 1426 eos
465 1362 602 1449 deligere
627 1383 704 1447 quos
727 1361 859 1448 optimos
883 1384 920 1427 ac
942 1361 1197 1450 prudentissimos
1219 1370 1380 1448 putarent,

279 1467 334 1524 cut
362 1459 431 1525 fore
453 1470 624 1548 sperarent.
677 1461 765 1526 Idem
787 1461 1004 1528 Democritus:
1033 1458 1089 1530 oric
1117 1456 1158 1530 do
1181 1456 1324 1529 ἐκώλυον
1349 1469 1380 1531 oi

280 1555 367 1638 νόμοι
393 1555 451 1658 ζῇν
476 1558 620 1629 ἕκαστον
644 1556 714 1628 κατ’
751 1552 831 1628 ibice
856 1557 1015 1650 ἐξουσίαν,
1041 1563 1068 1629 εἰ
1094 1556 1139 1642 uri
1162 1556 1277 1653 ἔτερος
1301 1557 1378 1629 ἔτε-

277 1687 336 1749 ρον
374 1656 586 1739 ἐλυμαίνετο·
627 1656 753 1729 debeor
789 1656 860 1752 γὰρ
893 1655 1033 1734 στάσιος
1068 1656 1177 1753 ἀρχήν
1211 1656 1379 1751 ἀπειργά-

279 1754 377 1852 ζετο·
403 1783 466 1826 oon
484 1762 729 1846 prohibuissent
745 1763 856 1846 otique
882 1760 963 1845 leoco
985 1782 1042 1826 suo
1065 1782 1218 1846 poenique
1234 1762 1379 1827 arbitrio

277 1860 393 1935 civero,
419 1862 487 1926 uisi
519 1862 605 1926 alter
636 1862 776 1925 alterum
806 1862 959 1944 offensum
983 1861 1083 1926 iisset.
1129 1861 1267 1925 Invidia
1291 1862 1378 1925 euim

276 1961 430 2025 seditioni
449 1961 583 2025 molitor
603 1961 780 2025 exordium.

352 2060 373 2123 5
409 2058 473 2123 Sed
498 2058 576 2124 sicut
601 2058 633 2124 in
657 2058 773 2123 ultione
792 2058 908 2123 luctum
932 2057 1022 2123 modo
1046 2057 1190 2135 diximus,
1216 2056 1261 2123 ita
1286 2065 1319 2123 et
1345 2057 1378 2123 in

274 2155 334 2221 hcc
349 2157 390 2223 sd
408 2158 585 2245 exemplum
602 2157 762 2244 punitione
785 2166 912 2224 manent
928 2156 1060 2247 vestigia
1075 2179 1112 2224 sc
1126 2157 1265 2244 reliquiae
1282 2157 1379 2245 prisci

273 2343 303 2376 eo
312 2344 366 2391 ouo
374 2330 413 2377 eoi
422 2335 510 2378 notura
521 2330 671 2389 ruothdruth
683 2334 706 2377 et
718 2345 800 2378 nocere
850 2345 870 2378 e.
881 2332 919 2379 41.

273 2405 389 2463 mutio,
403 2418 497 2465 crusque
506 2406 592 2465 impetu
607 2405 696 2464 incenit
710 2405 749 2450 sui
756 2405 800 2464 se·
893 2406 905 2435 ⁶
919 2406 975 2452 Non
986 2406 1133 2468 simpliciter,
1144 2406 1187 2453 sed
1197 2409 1325 2467 postquem
1336 2422 1379 2454 nc-

272 2484 358 2525 mutor
370 2481 396 2525 in
405 2480 475 2526 obuia
488 2479 598 2539 ociusque
608 2480 745 2537 perniciem,
759 2492 799 2525 oc·
849 2485 946 2527 eusstns
956 2486 981 2528 et
991 2482 1118 2529 damnatus
1127 2482 1207 2528 fueret
1216 2480 1379 2529 eJudicibus.

272 2555 350 2600 cidere
367 2555 459 2600 ratione
477 2569 523 2599 non
542 2559 614 2599 caret.
645 2554 718 2613 (l'og.
735 2553 799 2612 169.)
849 2556 1130 2605 VidePurursuonrruu
1140 2558 1379 2615 nostrum,DeJure

272 2630 307 2674 Et
316 2630 362 2674 hoo
375 2630 487 2688 estquod
503 2629 558 2674 vult
568 2628 718 2689 Pythagoras
733 2629 799 2687 opud
848 2630 910 2679 Not.
920 2638 942 2679 et
954 2632 1023 2680 Geni.
1039 2633 1092 2680 Lib.
1103 2646 1161 2681 v111.
1176 2648 1230 2692 esp.
1241 2635 1265 2681 3.
1276 2632 1290 2693 5
1302 2636 1339 2681 lt
1350 2639 1378 2680 et

274 2704 386 2751 Ovidium
398 2704 497 2750 Μοιαιιι.
509 2716 554 2749 xv.
584 2704 744 2763 Nostrumque
754 2718 799 2763 pe·
851 2708 1014 2755 Clnrissimum
1026 2708 1166 2756 Cunnrouu
1176 2709 1200 2754 in
1210 2710 1290 2756 locum
1306 2710 1377 2757 Deu-

272 2780 441 2828 tentiolethum
454 2781 565 2840 Corpora
578 2781 650 2825 mirra
666 2781 716 2826 neci
729 2781 799 2827 soluo
849 2788 926 2831 teron.
939 2786 1125 2844 dequosgitur.
1155 2784 1183 2832 J.
1193 2785 1227 2833 Β.

268 2858 359 2917 pietate
360 2856 479 2917 fatemur.
511 2856 724 2914 (Vors.108‚109.)
896 2857 902 2891 ¹
915 2858 1039 2905 Iudicium
1052 2858 1109 2918 zeli]
1124 2858 1187 2906 vius
1200 2862 1214 2905 1
1225 2859 1336 2907 Mnocsb.
1348 2860 1377 2908 ii.

316 2930 328 2965 Κ
342 2932 414 2978 Illico
428 2946 445 2978 o
454 2932 538 2993 procis
551 2932 642 2977 homine
650 2936 747 2992 poterat
760 2933 798 2979 in·
848 2936 888 2991 24,
897 2934 934 2981 26.

271 3006 358 3068 terflei]
371 3008 441 3055 Adde
451 3009 530 3055 locum
539 3006 640 3067 Josephi
649 3021 698 3053 111.
708 3008 740 3067 (b.
752 3008 765 3069 5
775 3012 798 3056 2.
893 3010 904 3041 ⁷
919 3008 1065 3069 Respublica
1078 3010 1181 3056 Hebrree
1194 3009 1300 3056 nondum
1314 3015 1377 3058 tune

272 3082 323 3130 Ed.
345 3083 437 3143 Huds.)
466 3085 558 3130 hlosem
576 3084 746 3130 hluimonldem
766 3085 798 3130 ed
848 3085 1375 3145 temporisprorsusconstitntsemtquem-

273 3171 334 3207 1111.
351 3160 472 3219 articulos,
487 3164 513 3207 ct
527 3159 660 3206 Direotoris
675 3160 737 3206 libro
754 3172 794 3207 ιιι.
849 3159 977 3205 ndmodum
995 3158 1042 3205 t‘uit
1057 3163 1149 3218 postes.
1179 3159 1242 3206 Vide
1262 3161 1375 3207 eumdem

273 3415 348 3470 thiel
359 3432 392 3469 or
409 3415 521 3479 robbcr,
538 3413 576 3485 by
592 3412 636 3468 his
655 3412 740 3477 hand,
762 3413 919 3478 command,
941 3429 974 3466 or
993 3416 1067 3475 roto,
1087 3410 1110 3464 is
1127 3408 1268 3465 innocent.
1306 3409 1375 3467 And

274 3502 382 3556 Seneca
395 3517 485 3555 seems
500 3505 530 3553 ιο
544 3499 616 3553 lusco
628 3498 754 3552 referred
766 3503 796 3551 ιο
810 3497 874 3550 this.
916 3494 983 3567 [Sco
994 3498 1043 3552 the
1055 3492 1207 3567 passages]

326 3592 343 3638 4
367 3587 424 3638 But
437 3586 515 3638 sinco
527 3582 576 3636 tho
587 3582 673 3652 procl
682 3582 716 3635 of
728 3582 776 3635 tho
796 3581 855 3634 fuet
874 3582 954 3636 often
976 3584 1101 3652 requires
1119 3586 1199 3651 great
1219 3598 1292 3646 cere,
1315 3587 1374 3640 and

272 3668 322 3724 tho
336 3669 464 3723 estimato
477 3668 510 3722 of
520 3666 701 3738 punishment
715 3666 839 3737 requires
853 3672 934 3735 great
947 3668 1089 3738 prudence
1101 3666 1157 3720 sud
1171 3673 1252 3738 great
1266 3671 1373 3742 cquity,

272 3753 467 3809 communities
486 3752 519 3806 of
536 3750 693 3805 monhore
714 3750 826 3814 choseu,
845 3751 891 3805 for
911 3752 967 3807 this
984 3754 1071 3817 office,
1092 3752 1173 3806 thoso
1195 3753 1286 3807 whom
1302 3755 1373 3827 they

271 3836 393 3908 thought
413 3843 443 3891 to
461 3837 506 3902 bo,
526 3854 559 3891 or
579 3836 674 3908 hopcd
692 3842 721 3891 to
737 3835 805 3901 lind,
826 3834 876 3891 the
895 3837 958 3894 best
979 3838 1036 3893 sud
1058 3845 1132 3893 most
1154 3838 1285 3909 prudent.
1331 3842 1371 3897 So

271 3923 458 3981 Democritus.

330 4018 346 4065 5
380 4011 438 4064 But
455 4026 486 4064 ns
509 4008 538 4062 iu
561 4007 743 4079 punishment
764 4009 940 4075 vindicatus,
962 4026 993 4065 so
1012 4010 1043 4064 in
1066 4009 1249 4081 punishment
1274 4026 1372 4066 exem·

271 4097 360 4169 plery‚
374 4095 455 4151 thoro
472 4095 580 4150 romain
599 4094 717 4163 vestiges
738 4095 771 4148 of
784 4096 834 4150 tho
852 4097 969 4167 original
987 4097 1048 4160 low,
1064 4097 1093 4149 in
1109 4095 1190 4149 those
1204 4096 1298 4166 ploees
1312 4099 1371 4152 and

271 4183 398 4237 between
412 4183 493 4237 those
507 4197 622 4251 persons
635 4179 696 4233 who
711 4197 760 4236 ore
780 4187 831 4236 not
851 4182 942 4236 under
959 4181 1034 4236 tlxod
1048 4182 1226 4252 judgmeuts3
1248 4182 1304 4235 und
1319 4182 1372 4237 be·

271 4269 353 4333 sides,
375 4269 404 4321 iu
422 4283 499 4322 some
517 4265 653 4337 exceptcd
673 4283 759 4322 casos.
806 4268 844 4321 So
863 4274 991 4337 nmongst
1006 4267 1055 4321 tho
1070 4267 1192 4321 Hebron·
1206 4272 1338 4334 customs,
1352 4287 1372 4324 o

270 4354 392 4410 Hebrow
405 4351 590 4423 apostatiziug
604 4352 677 4407 from
691 4354 740 4408 tho
753 4359 815 4408 true
838 4353 903 4407 (lod
920 4353 977 4407 and
993 4351 1104 4425 J'oining
1123 4352 1277 4407 idolstrous
1298 4370 1371 4407 nor.

269 4437 340 4510 ship,
359 4437 450 4509 might
464 4436 501 4492 bo
521 4442 551 4492 ot
570 4454 640 4495 onoc
660 4446 713 4513 put
733 4445 764 4495 to
779 4438 865 4495 doeth
880 4439 918 4511 by
932 4455 988 4510 any
1001 4454 1114 4511 person.
1160 4436 1221 4493 The
1233 4438 1370 4496 Hebrows
