3000 5062
122 316 189 370 Car.
206 311 330 384 XXIV]
362 316 493 370 JUSTIS
517 316 651 371 causis
674 316 932 372 SUSOIPIENDO
953 316 1086 372 BELLO.
1158 310 1218 370 421

121 467 331 588 desihioxdm.
368 473 561 540 Andronicus
578 473 729 551 Rhodius,
747 473 800 540 ubi
817 475 1046 563 magnanimum
1064 477 1220 555 describit,
1233 486 1315 582 ῑξξιξ·
1296 488 1343 527 ⁴

122 573 178 652 ait,
208 596 278 638 eum
298 594 360 639 non
380 574 421 639 ob
446 572 571 660 quasvis
599 595 707 638 causas
728 573 867 660 pericula
892 575 1076 654 subiturum,
1099 577 1156 642 sed
1181 578 1221 644 ob

121 672 280 738 maximas.

189 775 212 836 3
246 771 379 848 Altera3
396 792 423 834 οι
413 769 583 835 videatur
597 791 665 834 esse
681 770 801 854 oequale
817 771 931 835 bonum
947 781 979 838 et
995 774 1118 849 malum,
1138 777 1221 861 quod

122 892 143 936 a
161 892 207 946 re,
231 870 271 935 de
294 891 357 955 qua
377 869 538 953 quaeritur,
559 868 656 953 possit
681 867 870 953 procedere:
896 869 943 934 ita
964 872 1087 936 demum
1112 895 1150 938 ea
1169 897 1221 939 res

124 968 268 1057 eligenda
285 978 342 1044 est,
359 967 385 1032 si
402 967 535 1032 efficacia
551 966 592 1030 ad
609 969 722 1031 bonum
740 988 832 1051 quam
849 967 890 1032 ad
908 968 1021 1032 malum
1038 971 1136 1056 major
1153 972 1202 1037 sit.

198 1067 315 1143 Tertia,
333 1067 359 1132 si
378 1067 519 1131 videatur
538 1072 570 1130 et
587 1066 700 1129 bonum
718 1073 750 1129 et
766 1065 880 1130 malum
898 1087 965 1130 esse
981 1067 1141 1153 inaequale,
1164 1092 1221 1135 uec

122 1166 224 1231 minus
246 1165 404 1251 inaequalis
428 1186 533 1229 rerum
556 1163 707 1229 efficacia:
731 1185 783 1228 res
800 1185 837 1228 ea
862 1163 907 1229 ita
929 1164 1052 1230 demum
1078 1167 1222 1255 eligenda

124 1274 182 1341 est,
199 1264 243 1329 ⁰si
260 1263 393 1330 efficacia
404 1264 445 1329 ad
460 1266 573 1328 bonum
589 1261 688 1349 major
702 1261 744 1327 sit
760 1262 872 1328 collata
884 1264 1024 1329 efficaciae
1040 1266 1080 1330 ad
1096 1267 1220 1345 malum,

124 1384 217 1449 quam
231 1363 330 1450 ipsum
347 1362 461 1428 malum
478 1370 526 1427 est
542 1359 686 1426 collatum
704 1361 804 1439 bono;
822 1370 877 1428 aut
893 1363 919 1426 si
936 1363 1048 1428 bonum
1066 1364 1106 1430 sit
1122 1365 1221 1452 majus

123 1462 353 1551 comparatione
375 1460 458 1538 mali,
482 1482 575 1547 quam
598 1460 731 1526 efficacia
750 1461 792 1526 ad
817 1462 932 1526 malum
958 1472 1137 1549 comparata
1159 1465 1223 1530 effi-

123 1563 216 1628 caciae
231 1562 291 1628 ³ad
308 1561 434 1627 bonum.
858 1576 865 1592 ⁸

197 1664 221 1725 4
254 1662 333 1725 Haec
346 1682 403 1725 nos
419 1657 554 1724 limatius
570 1657 681 1744 paulo;
699 1658 754 1723 sed
772 1658 880 1723 eodem
898 1659 998 1726 tendit
1014 1660 1066 1726 wia
1082 1659 1222 1747 pleniore

125 1758 253 1825 Cicero:
280 1780 349 1823 cum
371 1758 425 1834 ait,
450 1757 641 1846 fugiendum,
664 1778 704 1821 ne
725 1756 889 1821 offeramus
911 1779 968 1821 nos
989 1758 1133 1845 periculis
1155 1760 1222 1825 sino
1236 1772 1386 1822 neonem

124 1879 226 1931 causa,
249 1878 310 1941 quo
330 1856 407 1920 nihil
426 1864 529 1942 potest
548 1877 616 1920 esse
638 1855 781 1921 stultius:
804 1865 997 1942 quapropter
1018 1857 1050 1921 in
1068 1858 1222 1924 'adeundis

124 1955 267 2042 periculis
299 1954 550 2020 consuetudinem
575 1953 756 2019 imitandam
790 1954 989 2031 medicorum,
1024 1955 1079 2041 qui
1109 1955 1223 2023 leviter

124 2062 314 2142 egrotantes
324 2053 434 2119 leviter
446 2061 566 2129 curant,
580 2052 776 2140 gravioribus
792 2062 896 2117 autem
911 2053 1024 2119 morbis
1036 2054 1224 2141 periculosas

125 2151 300 2218 curationes
324 2159 356 2216 et
384 2151 533 2238 ancipites
560 2150 709 2216 adhibere
737 2162 910 2239 coguntur:
936 2172 1034 2237 quare
1058 2153 1224 2219 subvenire

124 2250 301 2337 tempestati
323 2249 469 2335 sapientis
488 2271 555 2314 esse
572 2249 655 2326 dicit,
677 2271 776 2336 eoque
795 2250 894 2338 magis
915 2250 941 2316 si
958 2251 1028 2337 plus
1048 2250 1221 2337 adipiscare

123 2371 160 2415 re
177 2349 333 2436 explicata
349 2347 422 2413 boni
438 2368 530 2432 quam
546 2347 728 2413 addubitata
745 2348 826 2414 mali

200 2450 221 2513 5
252 2450 295 2513 Et
311 2445 403 2512 alibi.
427 2441 524 2511 Ubi'
510 2449 701 2535 επίτευγμα
717 2470 871 2532 magnum
883 2450 1009 2513 nullum
1018 2451 1097 2531 fieri
1106 2452 1223 2535 possit,
1237 2466 1387 2556 ”prm

123 2542 326 2637 ἀπότευγμα
351 2547 403 2612 vel
425 2567 489 2611 aon
514 2567 667 2629 magnam
688 2551 871 2613 nocitura-m
893 2550 947 2624 sit,
971 2550 1052 2634 quid
1077 2571 1157 2633 opus
1178 2563 1226 2616 est

124 2694 208 2786 regula
223 2723 355 2784 prudenter
371 2721 460 2770 Narseo
475 2720 540 2783 apud
560 2719 651 2768 Proco-
700 2722 790 2768 dudum
801 2721 1011 2781 obsecraveram
1003 2736 1028 2768 ru
1042 2723 1141 2770 Notad
1154 2725 1226 2770 modo

124 2801 190 2860 pium
202 2799 363 2846 Gouhimrum
374 2810 406 2843 n.
416 2800 482 2856 (cap.
493 2797 543 2854 18.)
700 2795 790 2842 dictum
815 2798 997 2846 Purnunonrrr
1016 2800 1104 2858 locum,
1124 2800 1227 2849 fidenter

168 2872 284 2919 ’Vocem
304 2872 370 2916 illam
389 2871 509 2931 ffcacioe,
532 2883 603 2928 quam
623 2869 649 2914 ln
699 2870 801 2916 restitui.
830 2870 896 2918 Mi.

124 2945 233 2992 omnibus
251 2944 403 2989 Editionibua
421 2943 548 2987 manifesto
567 2943 649 2988 deame

179 3185 241 3241 The
258 3184 333 3240 third
351 3185 411 3241 rule
428 3185 461 3251 is,
483 3186 509 3239 if
525 3186 574 3241 the
595 3186 669 3256 good
692 3189 748 3242 and
766 3188 815 3243 the
834 3189 888 3242 evil
909 3188 946 3244 be
960 3188 1090 3259 unaqual,
1104 3188 1160 3244 and
1175 3189 1224 3244 the

125 3273 239 3344 efficacy
252 3277 283 3326 ιο
298 3271 347 3325 tho
362 3287 416 3325 one
430 3271 487 3325 and
510 3271 560 3326 the
581 3271 664 3325 other
681 3271 739 3327 also
757 3273 900 3345 unaqual;
922 3274 971 3328 tho
990 3273 1070 3343 thing
1087 3274 1111 3328 is
1133 3281 1165 3329 to
1187 3275 1224 3328 be

125 3358 239 3422 chosen,
260 3356 286 3410 if
308 3355 359 3410 the
379 3357 492 3427 efficacy
514 3363 544 3411 to
564 3357 637 3427 good
658 3359 809 3429 compared
830 3358 897 3412 with
917 3359 965 3412 tho
988 3360 1100 3430 effioeoy
1117 3365 1147 3413 ιο
1169 3359 1224 3413 evil

125 3443 161 3497 be
176 3450 288 3513 greetm
301 3441 370 3496 than
385 3440 434 3496 tho
448 3443 503 3496 evil
517 3443 540 3497 is
555 3443 705 3512 compared
720 3443 786 3498 with
810 3443 859 3498 the
877 3444 967 3514 good;
989 3460 1023 3497 or
1036 3443 1062 3496 if
1079 3444 1129 3498 the
1149 3444 1224 3514 good

125 3527 276 3598 compared
291 3527 358 3581 with
372 3526 422 3582 the
433 3529 487 3583 evil
500 3528 537 3583 bo
551 3535 663 3599 greater
676 3526 746 3583 than
760 3529 809 3584 the
824 3530 938 3601 edicacy
952 3528 985 3583 of
1000 3529 1049 3584 the
1063 3545 1160 3584 means
1178 3529 1225 3584 for

125 3615 180 3669 evil
195 3613 346 3684 compared
362 3613 429 3666 with
441 3614 477 3669 its
492 3616 605 3686 efficacy
616 3614 662 3668 for
675 3614 757 3684 good.

183 3706 200 3752 4
228 3700 281 3754 We
303 3699 375 3753 hare
397 3701 491 3755 stated
513 3701 570 3755 this
595 3700 748 3756 somewhat
768 3700 907 3772 formally.
953 3701 1051 3758 cicero
1074 3718 1167 3758 comes
1193 3707 1224 3757 to

125 3784 175 3840 tho
198 3802 275 3840 earne
297 3785 385 3839 result
408 3785 479 3856 bya
501 3787 611 3859 plainer
631 3804 701 3858 way,
720 3787 802 3843 when
822 3787 860 3842 he
880 3804 952 3859 says,
974 3788 1038 3843 that
1060 3806 1102 3843 we
1121 3805 1170 3842 aro
1194 3795 1225 3843 to

124 3871 207 3924 avoid
227 3871 370 3941 iucurring
390 3869 497 3941 danger
517 3872 635 3926 without
652 3888 744 3935 cause,
764 3873 834 3926 than
857 3871 948 3924 which
971 3873 1090 3941 nothing
1116 3889 1168 3925 can
1189 3872 1226 3927 bo

125 3970 204 4008 more
224 3954 343 4018 foolish3
365 3956 528 4019 wherefore,
538 3957 568 4008 in
582 3957 725 4025 incurring
743 3955 871 4024 dangers,
886 3972 927 4008 we
942 3972 990 4009 aro
1004 3963 1035 4009 to
1053 3956 1161 4008 imitato
1176 3955 1225 4010 the

125 4039 250 4111 practice
272 4039 305 4092 of
323 4038 491 4109 physicians,
507 4039 578 4102 who,
596 4039 678 4091 when
700 4054 765 4091 men
788 4039 859 4091 have
877 4055 896 4092 a
917 4039 1003 4109 slight
1022 4039 1137 4102 discsse,
1159 4055 1226 4094 cure

125 4124 205 4179 thom
220 4122 257 4194 by
272 4122 358 4192 slight
371 4139 482 4186 mesns3
504 4121 556 4176 but
568 4124 597 4175 in
611 4138 690 4176 more
706 4138 790 4193 gravo
805 4123 935 4186 diseaees,
952 4139 1001 4177 aro
1019 4123 1175 4193 compelled
1195 4131 1226 4178 to

126 4209 212 4281 apply
223 4207 381 4278 dangerous
396 4207 451 4260 and
466 4206 598 4260 doubtful
612 4206 757 4262 remedies.
802 4206 935 4271 whence,
949 4207 986 4261 ho
1004 4224 1075 4277 says,
1095 4207 1144 4262 tho
1162 4209 1227 4263 wiso

127 4311 194 4348 man
213 4300 289 4348 must
304 4291 395 4345 watoh
413 4292 462 4345 the
483 4293 621 4356 occasion,
643 4292 698 4345 and
718 4291 865 4346 themora
887 4309 927 4356 so,
949 4293 975 4345 if
989 4310 1046 4363 you
1064 4294 1129 4362 gain
1148 4309 1227 4348 more

126 4379 201 4451 good
215 4378 254 4449 by
267 4377 316 4432 the
328 4376 405 4449 plain
416 4394 477 4448 way
489 4376 557 4432 than
571 4394 627 4448 you
642 4394 695 4431 can
710 4378 791 4432 avoid
806 4379 860 4432 evil
872 4378 910 4449 by
922 4377 971 4432 the
985 4377 1117 4433 doubtful
1130 4395 1199 4451 way.

180 4471 198 4518 5
227 4465 266 4519 So
279 4463 377 4518 Cicero
389 4463 419 4517 in
433 4479 469 4517 an
483 4462 592 4534 Epistlo
606 4466 636 4518 to
651 4461 769 4526 Atticus,
781 4464 837 4519 Dio
847 4464 1027 4529 Pmsaeonsis,
1039 4463 1185 4520 Aristides.
