3000 5062
122 341 190 396 Gar.
204 335 329 407 XXVI]
367 338 421 393 DE
444 335 579 395 causis
600 338 732 396 JUSTIS
754 339 807 395 UT
829 336 996 403 BELLUM,
1018 337 1102 396 ETO.
1159 331 1223 394 445

121 505 149 572 si
174 503 298 592 quidem
322 503 473 572 constat
463 504 539 592 ipsis
562 502 708 592 injustam
730 526 797 572 esse
819 505 893 573 belli
909 527 1042 584 oausam,
1065 504 1223 573 abstinere
1236 521 1386 615 {mum

122 604 246 671 omnino
262 605 386 671 debent.
420 607 490 670 Deo
508 604 611 691 potius
628 604 832 671 obediendum
849 627 942 692 quam
957 605 1141 683 hominibus,
1160 629 1222 673 non

122 704 264 791 Apostoli
280 712 402 770 tantum
419 703 574 780 dixerunt,
591 703 664 768 ‘sed
679 712 712 769 et
728 704 891 770 Socrates:
908 713 941 771 et
956 705 1040 792 apud
1057 706 1222 794 magistros
1234 719 1277 757 Act
1287 723 1344 761 tot

121 795 350 869 bHebraeorum
373 811 478 869 exstet
493 802 656 879 sententis,
674 802 810 868 indicans
833 802 902 892 regi
919 813 1027 869 contra
1042 805 1103 870 Dei
1120 805 1222 893 legem

122 901 197 988 quid
222 901 414 989 praecipienti
440 923 566 988 prorsus
592 924 653 966 non
676 902 856 988 parendum.
872 901 1104 1028 Polycarpi
1090 903 1221 990 Jamjam

122 1000 264 1066 morituri
277 1001 340 1066 dict
327 1010 393 1066 tum
408 1008 529 1066 exstat:
547 992 827 1089 δειδδάγμεθα
778 1028 848 1123 ‘pap
859 997 978 1095 α’ρχαῖς
991 1031 1043 1069 και
1036 999 1220 1091 ἐξουσίαις
1233 1021 1252 1058 Α
1256 1021 1378 1107 360¹}qu

121 1095 189 1168 dard
215 1102 300 1169 Θεοῦ
330 1096 552 1189 τεταγμέναις
580 1129 680 1179 τιμην
710 1096 796 1166 rard
827 1097 869 1168 τὸ
897 1104 1062 1194 προσῆκον
1089 1098 1197 1184 reive
1175 1098 1263 1182 unffi

121 1193 389 1284 βλάπτουσαν
371 1202 449 1280 ημᾶς
474 1192 659 1277 ἀπονέμειν·
685 1201 900 1266 didicimus
884 1203 1033 1286 emporiis
1055 1224 1097 1267 ac
1116 1214 1222 1288 potes-

123 1300 248 1365 cautos
274 1321 297 1364 α
315 1301 387 1364 Deo
414 1300 579 1364 ordinatis
603 1300 750 1365 salebere
777 1300 926 1366 honorem
950 1324 1041 1387 quem
1066 1324 1136 1388 por
1165 1314 1220 1378 est,

122 1398 240 1483 quique
255 1399 393 1465 salutem
408 1411 555 1465 uestram
570 1421 634 1465 ooo
647 1400 816 1517 impediat.
849 1401 892 1465 Et
904 1400 1020 1467 Paulus
1034 1401 1220 1488 Apostolus:

115 1496 220 1579 filii,
211 1497 320 1584 inquit,
343 1499 465 1564 obedite
478 1500 708 1584 parentibus
712 1502 750 1565 in
772 1502 923 1579 Domino,
941 1503 980 1566 id
996 1504 1081 1567 enim
1097 1509 1290 1583 oequumssvt
1299 1508 1353 1548 Μ

122 1607 178 1663 εει.
210 1596 267 1661 Ad
283 1617 376 1681 quem
392 1596 490 1662 locum
509 1598 740 1712 Hieronymus.
750 1607 923 1681 peccatum
933 1599 1082 1680 filiorum
1098 1611 1144 1664 est
1159 1621 1224 1663 ooo
1235 1614 1297 1702 {pm
1304 1622 1335 1651 ιι
1344 1622 1364 1660 n

122 1695 250 1759 obedire
260 1696 477 1776 parentibus:
499 1707 529 1758 st
546 1697 627 1778 quio
638 1706 793 1776 poterent
804 1706 959 1780 perustos
981 1697 1140 1781 aliquid
1126 1718 1224 1782 empe-

122 1812 201 1855 rors
212 1812 409 1875 posueram,
427 1791 589 1872 adjurarit,
607 1793 645 1855 in
661 1793 811 1856 Domino.
863 1793 906 1858 Et
922 1783 982 1858 dde
999 1793 1097 1859 servis
1114 1793 1221 1859 addit:

124 1911 197 1955 cum
212 1891 375 1955 Dorostorus
396 1889 508 1953 corais
523 1910 546 1952 o
567 1891 709 1955 Domino
729 1893 867 1976 spiritus
887 1893 1051 1959 diversoum
1072 1895 1222 1979 imperat,

122 2011 188 2054 uos
203 2002 250 2055 est
269 1989 515 2054 obediendum*
534 1987 621 2052 Idem
639 1988 728 2055 alibi:
754 1992 791 2054 ia
809 1991 879 2055 illis
896 2003 1023 2056 tontum
1040 1994 1152 2057 dotem
1169 1994 1224 2057 do-

123 2089 223 2154 minis
239 2101 270 2153 ει
281 2088 475 2175 pareatibus
491 2109 556 2152 esse
572 2087 714 2170 mlp'eoti,
731 2102 931 2172 quocontra
947 2093 1014 2156 Dei
1029 2094 1225 2157 mundatum

123 2208 188 2252 ooo
203 2200 287 2254 suut.
341 2188 423 2251 Nam
439 2193 471 2250 et
486 2184 567 2250 idem
584 2184 636 2250 illo
654 2186 825 2273 Apostolus
848 2188 982 2265 dixerat,
1000 2189 1048 2254 sui
1071 2210 1224 2276 quemquo
1237 2213 1290 2260 ιρι.
1300 2213 1354 2251 ιιι

124 2284 227 2370 operis
254 2284 429 2350 mercedem
457 2292 699 2370 reportaturum,
731 2285 796 2351 sive
822 2286 964 2364 liberum,
993 2287 1060 2354 sivo
1091 2310 1223 2355 serrum.

126 2382 336 2448 Tertullianus
353 2405 446 2449 voro:
471 2385 556 2449 sotiis
573 2386 803 2470 proscriptum
827 2387 988 2464 habemus,
1009 2389 1046 2453 in
1068 2389 1156 2453 omni
1172 2390 1224 2453 ob-
1237 2398 1386 2441 ”efod-sl&

125 2569 213 2629 euque
222 2569 289 2616 nohis
298 2584 384 2617 maces
389 2571 516 2631 proposito
526 2576 566 2628 est,
576 2572 599 2618 ει·
608 2572 650 2617 ho·
699 2572 738 2620 rii.
751 2575 793 2621 24:
809 2575 849 2622 rel
860 2575 911 2637 γάρ
921 2577 984 2623 εἰσιν
995 2577 1048 2638 ὅροι
1062 2577 1141 2638 δούλῳ
1156 2579 1226 2639 παρα·

124 2657 204 2691 uorem
213 2646 363 2692 exhibeamus
368 2647 514 2706 parentibus,
524 2648 566 2693 sed
574 2652 599 2693 ut
609 2648 653 2693 do·
700 2650 747 2695 τοῦ
764 2652 826 2696 θεοῦ
843 2652 959 2708 κείμενοι·
973 2653 1014 2700 καὶ
1030 2654 1105 2716 μέχρι
1122 2654 1171 2700 ποῦ
1187 2655 1226 2700 δεῖ

125 2720 199 2766 minos
213 2733 253 2766 eos
268 2722 353 2768 leuben
361 2722 479 2779 jubemur,
494 2724 614 2785 verbisque
630 2727 652 2769 et
701 2724 845 2785 φυλάττειν
855 2728 944 2774 atrato
958 2731 1088 2776 καὶτοῦτο
1099 2731 1226 2790 νενομοθέ·

125 2794 193 2840 rebus
213 2795 346 2857 obsequium
364 2798 425 2856 ipsis
440 2803 564 2856 promere,
583 2804 653 2845 entra
700 2817 786 2858 τηται,
802 2802 844 2848 καὶ
854 2802 1012 2864 ὑπερβαίνειν
1022 2807 1113 2852 αὐτοὺς
1126 2809 1153 2852 οὐ
1169 2807 1226 2868 xpri.

125 2884 196 2930 quum
205 2872 228 2916 εἰ
238 2872 319 2929 pietus
329 2871 434 2917 ludmdu
444 2877 486 2916 ese
518 2873 557 2918 Sic
571 2873 652 2931 accipe
702 2873 766 2920 ὅταν
782 2876 832 2934 γάρ
848 2878 922 2932 μηδὲν
933 2877 946 2923 ὀ
956 2879 1082 2933 δεσπότης
1098 2880 1227 2941 territory

125 2945 185 2991 illud
196 2944 344 3003 Hieronymi,
350 2959 396 3003 per
404 2945 521 2990 calcatum
527 2960 600 3004 perpe
605 2959 654 3004 pa·
701 2948 754 2992 τῶν
766 2948 801 3006 μη·
811 2949 947 2995 δοκούντων
957 2954 994 3008 τῷ
1006 2951 1061 3010 θεῷ,
1075 2953 1180 3000 ἕπεσθαι
1190 2956 1229 3001 δεῖ

125 3022 191 3072 erem,
207 3016 652 3074 (Epist.1.adfleli0dornm,'l'om.1.
702 3021 744 3066 stul
764 3021 904 3076 πείθεσθαι,
928 3024 1071 3083 περαιτέρω
1097 3027 1123 3072 dd
1146 3029 1228 3087 μηδέν·

126 3093 186 3152 Peg.
202 3094 225 3136 1.
246 3091 296 3136 Ed.
311 3088 405 3149 Besil.)
421 3089 589 3136 declamatorie
603 3090 653 3135 dic·
704 3094 764 3140 Sunt
781 3100 803 3141 ει
819 3097 893 3142 emis
909 3097 993 3144 limites
1009 3098 1047 3143 sui
1062 3113 1079 3145 a
1095 3099 1149 3146 Deo
1163 3116 1228 3160 prs·

125 3170 188 3223 tum,
197 3170 352 3225 sumtnmque
361 3179 376 3210 a
389 3163 483 3210 latrone
493 3164 654 3210 declamatore
702 3168 795 3227 scripti,
807 3173 829 3214 et
838 3183 957 3231 quousque
966 3185 1005 3217 eos
1016 3186 1112 3220 semare
1121 3180 1229 3234 oporteat

125 3242 190 3302 apud
201 3241 325 3297 Senecam,
335 3239 559 3298 (conumeratus.
571 3241 652 3298 p.142.
703 3245 725 3287 et
735 3242 778 3288 too
783 3248 927 3302 preceptum
936 3249 977 3300 eet,
990 3259 1062 3306 neque
1075 3262 1115 3293 eos
1124 3249 1178 3295 licet
1187 3264 1229 3296 es-

126 3318 194 3365 Ede't.
212 3316 316 3363 Grorsoo.
340 3314 437 3373 major.)
466 3319 492 3359 et
515 3328 570 3374 qnae
590 3315 654 3374 apud
703 3312 791 3360 cedere.
826 3313 875 3360 Ubi
891 3315 951 3360 enim
965 3315 1027 3361 nitu
1042 3316 1149 3364 domiuus
1161 3319 1229 3376 jubet

126 3391 280 3439 Ambrosium
291 3390 320 3436 de
334 3389 482 3448 Virqr'm'tute,
493 3393 518 3433 et
528 3389 592 3448 apud
601 3390 654 3435 Au·
703 3401 782 3434 eorum
798 3401 852 3448 quse
867 3389 921 3435 Deo
939 3390 1109 3450 improbantur,
1127 3395 1194 3454 requi
1207 3399 1229 3442 et

126 3468 249 3529 guatinum
267 3467 345 3525 Epist.
362 3476 481 3510 xxxvur.
501 3463 532 3508 ad
550 3463 654 3521 Letum,
703 3463 801 3522 obseqru'
814 3467 914 3522 oportet,
928 3478 975 3510 aon
989 3466 1062 3514 ultra.
1093 3467 1229 3528 (Temni.

126 3549 152 3590 et
166 3554 312 3595 canonem..
327 3539 436 3588 Arabica
450 3539 655 3598 interpretationis
703 3550 761 3599 pag.
772 3537 837 3598 362.)
867 3539 906 3585 De
923 3542 1101 3588 matrefamilias
1118 3542 1230 3590 Clemens

126 3617 221 3664 concilii
231 3616 316 3662 Niccni
327 3629 345 3660 1.
704 3610 895 3661 Alexandrinum
910 3614 996 3663 πάντα
1009 3618 1047 3678 τῷ
1062 3617 1130 3677 dedpl
1145 3619 1230 3666 πειθο-

170 3691 183 3725 ιι
197 3691 237 3738 1),
253 3691 338 3751 mis]
354 3689 545 3750 Chrysouomus,
560 3702 579 3736 1.
597 3689 655 3738 Cor.
704 3688 772 3748 μένα,
787 3687 819 3736 oie
830 3691 905 3748 μηδὲν
915 3691 1018 3740 ἄκοντος
1028 3693 1122 3742 ἐκείνου
1131 3697 1230 3758 πρᾶξαι

180 3937 219 3992 ΙΙ.
253 3938 354 4006 These,
367 3941 393 3995 if
408 3942 476 4015 they
489 3960 538 3999 are
550 3943 642 3998 either
655 3941 746 3997 called
759 3946 789 3994 to
804 3940 972 4004 connector
986 3939 1012 3992 if
1022 3957 1040 3994 a
1053 3940 1115 3996 free
1131 3942 1229 4013 option

126 4022 151 4076 is
164 4021 246 4092 giren
263 4023 345 4078 them
357 4024 391 4078 os
401 4043 457 4080 wer
468 4044 501 4080 or
512 4043 606 4098 posco,
619 4025 707 4097 ought
718 4031 748 4078 ιο
760 4023 855 4079 follow
866 4023 916 4078 tho
927 4040 1005 4078 same
1016 4025 1105 4080 rulers
1115 4042 1146 4080 as
1161 4025 1229 4099 thoy

126 4106 189 4160 who
203 4106 241 4178 by
255 4106 330 4162 their
344 4124 407 4162 own
419 4109 542 4164 docision
553 4109 710 4164 undertslre
725 4125 794 4163 ware
808 4108 854 4163 sor
868 4108 1035 4164 themselves
1053 4126 1086 4164 or
1100 4110 1203 4168 others.

178 4192 232 4247 111.
268 4198 282 4246 1
305 4193 363 4247 But
377 4194 403 4247 if
414 4194 482 4265 they
492 4211 541 4250 are
556 4194 739 4250 commanded
754 4199 785 4248 to
795 4195 857 4263 join
869 4194 899 4247 in
911 4211 928 4248 a
942 4211 1006 4259 nar,
1021 4211 1051 4248 es
1066 4195 1146 4251 often
1157 4195 1228 4268 hap·

126 4294 205 4350 pons,
223 4278 249 4331 if
260 4277 328 4350 they
342 4295 391 4333 aro
405 4281 483 4351 quite
502 4280 577 4335 clear
591 4279 654 4334 that
673 4279 722 4335 the
742 4296 799 4334 war
818 4280 841 4334 is
857 4279 1000 4344 unlswful,
1011 4279 1079 4353 they
1094 4281 1182 4352 ought
1197 4291 1227 4336 to

126 4364 244 4420 abstula.
283 4364 358 4420 That
379 4365 443 4420 God
457 4366 480 4420 is
495 4371 525 4420 to
543 4365 580 4421 bo
598 4365 705 4437 obeyod
723 4364 820 4421 rather
840 4365 910 4420 than
931 4381 1005 4429 mon,
1028 4372 1079 4422 not
1097 4367 1163 4438 only
1177 4367 1227 4423 tho

126 4449 256 4522 Apostles
278 4449 350 4507 haro
368 4450 438 4519 said,
454 4451 507 4507 but
529 4453 659 4509 Socrates
673 4452 748 4507 also:
767 4451 824 4506 and
843 4450 892 4507 the
911 4456 1029 4508 masters
1052 4468 1154 4524 among
1177 4453 1226 4509 the
