<?xml version="1.0" encoding="UTF-8"?>
<!DOCTYPE html PUBLIC "-//W3C//DTD XHTML 1.0 Transitional//EN"
    "http://www.w3.org/TR/xhtml1/DTD/xhtml1-transitional.dtd">
<html xmlns="http://www.w3.org/1999/xhtml" xml:lang="en" lang="en">
 <head>
  <title>
</title>
<meta http-equiv="Content-Type" content="text/html;charset=utf-8" />
  <meta name='ocr-system' content='tesseract 3.04.00' />
  <meta name='ocr-capabilities' content='ocr_page ocr_carea ocr_par ocr_line ocrx_word'/>
</head>
<body>
  <div class='ocr_page' id='page_1' title='image "./hugonisgrotiide00whewgoog_0254.png"; bbox 0 0 3000 5062; ppageno 0'>
   <div class='ocr_carea' id='block_1_1' title="bbox 301 311 1402 382">
    <p class='ocr_par' dir='ltr' id='par_1_1' title="bbox 301 311 1402 382">
     <span class='ocr_line' id='line_1_1' title="bbox 301 311 1402 382; baseline -0.005 -8"><span class='ocrx_word' id='word_1_1' title='bbox 301 311 363 374; x_wconf 77' lang='lat'>252</span> <span class='ocrx_word' id='word_1_2' title='bbox 749 317 801 370; x_wconf 83' lang='lat' dir='ltr'>DE</span> <span class='ocrx_word' id='word_1_3' title='bbox 824 315 960 371; x_wconf 82' lang='lat' dir='ltr'><strong>POENIS.</strong></span> <span class='ocrx_word' id='word_1_4' title='bbox 1271 311 1345 382; x_wconf 83' lang='lat' dir='ltr'>[Lm.</span> <span class='ocrx_word' id='word_1_5' title='bbox 1362 315 1402 370; x_wconf 90' lang='lat'>11.</span> 
     </span>
    </p>
   </div>
   <div class='ocr_carea' id='block_1_2' title="bbox 132 477 1405 1862">
    <p class='ocr_par' dir='ltr' id='par_1_2' title="bbox 132 477 1405 1862">
     <span class='ocr_line' id='line_1_2' title="bbox 298 477 1404 600; baseline -0.006 -48"><span class='ocrx_word' id='word_1_6' title='bbox 298 479 390 552; x_wconf 77' lang='grc' dir='ltr'>ἕνεκα</span> <span class='ocrx_word' id='word_1_7' title='bbox 406 479 458 551; x_wconf 84' lang='lat' dir='ltr'>iva</span> <span class='ocrx_word' id='word_1_8' title='bbox 474 477 714 576; x_wconf 69' lang='grc' dir='ltr'>ἀποπληροθῇ,</span> <span class='ocrx_word' id='word_1_9' title='bbox 734 482 890 565; x_wconf 65' lang='lat' dir='ltr'>erigentia</span> <span class='ocrx_word' id='word_1_10' title='bbox 909 501 1013 545; x_wconf 83' lang='lat' dir='ltr'>cauco</span> <span class='ocrx_word' id='word_1_11' title='bbox 1029 491 1069 545; x_wconf 81' lang='lat' dir='ltr'>ut</span> <span class='ocrx_word' id='word_1_12' title='bbox 1085 501 1115 545; x_wconf 84' lang='grc' dir='ltr'>οι</span> <span class='ocrx_word' id='word_1_13' title='bbox 1108 479 1284 600; x_wconf 71' lang='lat' dir='ltr'>eaticfiqt.</span> <span class='ocrx_word' id='word_1_14' title='bbox 1327 478 1404 545; x_wconf 90' lang='lat' dir='ltr'>Plu-</span> 
     </span>
     <span class='ocr_line' id='line_1_3' title="bbox 298 576 1404 702; baseline -0.001 -53"><span class='ocrx_word' id='word_1_15' title='bbox 298 584 425 650; x_wconf 90' lang='lat' dir='ltr'>tarchus</span> <span class='ocrx_word' id='word_1_16' title='bbox 442 603 566 702; x_wconf 92' lang='lat' dir='ltr'>quoque</span> <span class='ocrx_word' id='word_1_17' title='bbox 581 602 648 645; x_wconf 85' lang='lat' dir='ltr'>eam</span> <span class='ocrx_word' id='word_1_18' title='bbox 662 602 725 644; x_wconf 93' lang='lat' dir='ltr'>non</span> <span class='ocrx_word' id='word_1_19' title='bbox 741 579 852 655; x_wconf 88' lang='lat' dir='ltr'>omisit,</span> <span class='ocrx_word' id='word_1_20' title='bbox 869 601 939 644; x_wconf 95' lang='lat' dir='ltr'>cum</span> <span class='ocrx_word' id='word_1_21' title='bbox 956 578 1054 644; x_wconf 78' lang='lat' dir='ltr'>dixit.</span> <span class='ocrx_word' id='word_1_22' title='bbox 1077 576 1111 645; x_wconf 83' lang='grc' dir='ltr'>αἱ</span> <span class='ocrx_word' id='word_1_23' title='bbox 1129 608 1193 645; x_wconf 81' lang='grc' dir='ltr'>οπο</span> <span class='ocrx_word' id='word_1_24' title='bbox 1212 580 1311 671; x_wconf 76' lang='grc' dir='ltr'>χεῖρα</span> <span class='ocrx_word' id='word_1_25' title='bbox 1329 582 1404 649; x_wconf 80' lang='grc' dir='ltr'>τοῖι</span> 
     </span>
     <span class='ocr_line' id='line_1_4' title="bbox 298 674 1404 803; baseline -0.006 -52"><span class='ocrx_word' id='word_1_26' title='bbox 298 677 521 761; x_wconf 72' lang='grc' dir='ltr'>τολμωμένοις</span> <span class='ocrx_word' id='word_1_27' title='bbox 546 674 742 748; x_wconf 61' lang='lat' dir='ltr'>diocedunt</span> <span class='ocrx_word' id='word_1_28' title='bbox 764 679 915 803; x_wconf 69' lang='lat' dir='ltr'>rtpwpioc</span> <span class='ocrx_word' id='word_1_29' title='bbox 941 676 991 745; x_wconf 76' lang='lat' dir='ltr'>rai</span> <span class='ocrx_word' id='word_1_30' title='bbox 1013 681 1079 744; x_wconf 80' lang='grc' dir='ltr'>τῶν</span> <span class='ocrx_word' id='word_1_31' title='bbox 1104 674 1349 758; x_wconf 80' lang='grc' dir='ltr'>μελλόντων</span> <span class='ocrx_word' id='word_1_32' title='bbox 1320 676 1404 747; x_wconf 74' lang='lat' dir='ltr'>ccciv</span> 
     </span>
     <span class='ocr_line' id='line_1_5' title="bbox 298 770 1403 874; baseline -0.004 -25"><span class='ocrx_word' id='word_1_33' title='bbox 298 811 488 874; x_wconf 71' lang='grc' dir='ltr'>Θπῑσχέσέίς</span> <span class='ocrx_word' id='word_1_34' title='bbox 511 770 726 860; x_wconf 66' lang='grc' dir='ltr'>αδίκηματων,</span> <span class='ocrx_word' id='word_1_35' title='bbox 759 776 810 845; x_wconf 71' lang='lat' dir='ltr'>Kal</span> <span class='ocrx_word' id='word_1_36' title='bbox 835 773 985 855; x_wconf 68' lang='grc' dir='ltr'>μαλιστα</span> <span class='ocrx_word' id='word_1_37' title='bbox 1009 807 1051 844; x_wconf 76' lang='grc' dir='ltr'>ΤΟ</span> <span class='ocrx_word' id='word_1_38' title='bbox 1079 804 1295 869; x_wconf 62' lang='grc' dir='ltr'>παρηγοροῦν</span> <span class='ocrx_word' id='word_1_39' title='bbox 1323 774 1403 851; x_wconf 77' lang='lat' dir='ltr'>‘roda</span> 
     </span>
     <span class='ocr_line' id='line_1_6' title="bbox 297 873 1405 963; baseline -0.006 -14"><span class='ocrx_word' id='word_1_40' title='bbox 297 873 545 950; x_wconf 56' lang='lat' dir='ltr'>momorderas*</span> <span class='ocrx_word' id='word_1_41' title='bbox 530 907 658 947; x_wconf 80' lang='grc' dir='ltr'>ενεστιν</span> <span class='ocrx_word' id='word_1_42' title='bbox 673 873 799 950; x_wconf 77' lang='grc' dir='ltr'>αὐτοῖς·</span> <span class='ocrx_word' id='word_1_43' title='bbox 824 899 895 960; x_wconf 78' lang='lat' dir='ltr'>quoe</span> <span class='ocrx_word' id='word_1_44' title='bbox 903 879 1045 961; x_wconf 69' lang='lat' dir='ltr'>facinus</span> <span class='ocrx_word' id='word_1_45' title='bbox 1069 879 1185 941; x_wconf 77' lang='lat' dir='ltr'>atatim</span> <span class='ocrx_word' id='word_1_46' title='bbox 1205 878 1405 963; x_wconf 71' lang='lat' dir='ltr'>subsequun-</span> 
     </span>
     <span class='ocr_line' id='line_1_7' title="bbox 298 977 1404 1066; baseline -0.003 -21"><span class='ocrx_word' id='word_1_47' title='bbox 298 993 353 1046; x_wconf 84' lang='lat' dir='ltr'>tur</span> <span class='ocrx_word' id='word_1_48' title='bbox 377 1002 490 1066; x_wconf 81' lang='lat' dir='ltr'>poenoe,</span> <span class='ocrx_word' id='word_1_49' title='bbox 527 1002 591 1044; x_wconf 78' lang='lat' dir='ltr'>nort</span> <span class='ocrx_word' id='word_1_50' title='bbox 622 980 715 1043; x_wconf 83' lang='lat' dir='ltr'>modo</span> <span class='ocrx_word' id='word_1_51' title='bbox 748 979 785 1041; x_wconf 83' lang='lat' dir='ltr'>in</span> <span class='ocrx_word' id='word_1_52' title='bbox 812 989 979 1061; x_wconf 80' lang='lat' dir='ltr'>posterum</span> <span class='ocrx_word' id='word_1_53' title='bbox 1015 977 1157 1041; x_wconf 74' lang='lat' dir='ltr'><strong><em>inhibent</em></strong></span> <span class='ocrx_word' id='word_1_54' title='bbox 1187 977 1404 1061; x_wconf 81' lang='lat' dir='ltr'>delinquendi</span> 
     </span>
     <span class='ocr_line' id='line_1_8' title="bbox 297 1076 1403 1161; baseline -0.003 -16"><span class='ocrx_word' id='word_1_55' title='bbox 297 1082 486 1156; x_wconf 81' lang='lat' dir='ltr'>audaciam,</span> <span class='ocrx_word' id='word_1_56' title='bbox 509 1081 565 1144; x_wconf 82' lang='lat' dir='ltr'>aed</span> <span class='ocrx_word' id='word_1_57' title='bbox 581 1090 612 1143; x_wconf 87' lang='lat' dir='ltr'>et</span> <span class='ocrx_word' id='word_1_58' title='bbox 630 1078 758 1160; x_wconf 82' lang='lat' dir='ltr'>injuria</span> <span class='ocrx_word' id='word_1_59' title='bbox 778 1079 909 1161; x_wconf 83' lang='lat' dir='ltr'>affectos</span> <span class='ocrx_word' id='word_1_60' title='bbox 929 1076 1072 1140; x_wconf 73' lang='lat' dir='ltr'>menime</span> <span class='ocrx_word' id='word_1_61' title='bbox 1093 1077 1308 1140; x_wconf 75' lang='lat' dir='ltr'>consolantur.</span> <span class='ocrx_word' id='word_1_62' title='bbox 1357 1077 1403 1143; x_wconf 86' lang='lat' dir='ltr'>Et</span> 
     </span>
     <span class='ocr_line' id='line_1_9' title="bbox 132 1166 1403 1285; baseline -0.004 -39"><span class='ocrx_word' id='word_1_63' title='bbox 132 1193 203 1285; x_wconf 54' lang='lat'>711350</span> <span class='ocrx_word' id='word_1_64' title='bbox 198 1193 284 1234; x_wconf 71' lang='lat' dir='ltr'>nav</span> <span class='ocrx_word' id='word_1_65' title='bbox 296 1179 366 1245; x_wconf 84' lang='lat' dir='ltr'>haec</span> <span class='ocrx_word' id='word_1_66' title='bbox 382 1177 508 1265; x_wconf 85' lang='lat' dir='ltr'>proprie</span> <span class='ocrx_word' id='word_1_67' title='bbox 531 1185 579 1242; x_wconf 87' lang='lat' dir='ltr'>est</span> <span class='ocrx_word' id='word_1_68' title='bbox 599 1197 692 1261; x_wconf 87' lang='lat' dir='ltr'>quam</span> <span class='ocrx_word' id='word_1_69' title='bbox 709 1174 792 1239; x_wconf 92' lang='lat' dir='ltr'>idem</span> <span class='ocrx_word' id='word_1_70' title='bbox 815 1173 998 1239; x_wconf 83' lang='lat' dir='ltr'>Aristoteles</span> <span class='ocrx_word' id='word_1_71' title='bbox 1020 1173 1119 1239; x_wconf 81' lang='lat' dir='ltr'><strong>refert</strong></span> <span class='ocrx_word' id='word_1_72' title='bbox 1135 1174 1177 1239; x_wconf 91' lang='lat' dir='ltr'>ad</span> <span class='ocrx_word' id='word_1_73' title='bbox 1202 1166 1403 1256; x_wconf 75' lang='grc' dir='ltr'>δικαιοσύνην</span> 
     </span>
     <span class='ocr_line' id='line_1_10' title="bbox 297 1271 1352 1360; baseline -0.008 -15"><span class='ocrx_word' id='word_1_74' title='bbox 297 1271 568 1355; x_wconf 68' lang='grc' dir='ltr'>συναλλακτικιὶν,</span> <span class='ocrx_word' id='word_1_75' title='bbox 579 1275 749 1360; x_wconf 79' lang='lat' dir='ltr'>justitiam</span> <span class='ocrx_word' id='word_1_76' title='bbox 766 1294 858 1358; x_wconf 85' lang='lat' dir='ltr'>quem</span> <span class='ocrx_word' id='word_1_77' title='bbox 876 1273 943 1360; x_wconf 91' lang='lat' dir='ltr'>ipse</span> <span class='ocrx_word' id='word_1_78' title='bbox 961 1275 1232 1338; x_wconf 85' lang='lat' dir='ltr'>commutatricem</span> <span class='ocrx_word' id='word_1_79' title='bbox 1251 1282 1352 1338; x_wconf 82' lang='lat' dir='ltr'>vocat</span> 
     </span>
     <span class='ocr_line' id='line_1_11' title="bbox 373 1371 1402 1461; baseline -0.006 -17"><span class='ocrx_word' id='word_1_80' title='bbox 373 1379 394 1445; x_wconf 84' lang='lat'><strong>2</strong></span> <span class='ocrx_word' id='word_1_81' title='bbox 430 1374 494 1440; x_wconf 88' lang='lat' dir='ltr'>Sed</span> <span class='ocrx_word' id='word_1_82' title='bbox 509 1372 651 1439; x_wconf 88' lang='lat' dir='ltr'>subtilius</span> <span class='ocrx_word' id='word_1_83' title='bbox 671 1372 733 1437; x_wconf 88' lang='lat' dir='ltr'>ista</span> <span class='ocrx_word' id='word_1_84' title='bbox 751 1371 958 1437; x_wconf 90' lang='lat' dir='ltr'>examinanda</span> <span class='ocrx_word' id='word_1_85' title='bbox 974 1379 1055 1437; x_wconf 87' lang='lat' dir='ltr'>suut.</span> <span class='ocrx_word' id='word_1_86' title='bbox 1098 1371 1244 1436; x_wconf 83' lang='lat' dir='ltr'><strong>Dicemus</strong></span> <span class='ocrx_word' id='word_1_87' title='bbox 1261 1394 1348 1461; x_wconf 90' lang='lat' dir='ltr'>ergo,</span> <span class='ocrx_word' id='word_1_88' title='bbox 1366 1373 1402 1438; x_wconf 89' lang='lat' dir='ltr'>in</span> 
     </span>
     <span class='ocr_line' id='line_1_12' title="bbox 295 1469 1401 1563; baseline -0.002 -24"><span class='ocrx_word' id='word_1_89' title='bbox 295 1475 395 1563; x_wconf 81' lang='lat' dir='ltr'>poenis</span> <span class='ocrx_word' id='word_1_90' title='bbox 418 1472 530 1562; x_wconf 84' lang='lat' dir='ltr'>respici</span> <span class='ocrx_word' id='word_1_91' title='bbox 552 1480 608 1538; x_wconf 91' lang='lat' dir='ltr'>aut</span> <span class='ocrx_word' id='word_1_92' title='bbox 629 1471 794 1537; x_wconf 74' lang='lat' dir='ltr'>utilitatem</span> <span class='ocrx_word' id='word_1_93' title='bbox 817 1469 954 1557; x_wconf 92' lang='lat' dir='ltr'>ejusqui</span> <span class='ocrx_word' id='word_1_94' title='bbox 973 1470 1119 1557; x_wconf 88' lang='lat' dir='ltr'>peccarit,</span> <span class='ocrx_word' id='word_1_95' title='bbox 1145 1478 1200 1536; x_wconf 88' lang='lat' dir='ltr'>aut</span> <span class='ocrx_word' id='word_1_96' title='bbox 1220 1470 1287 1558; x_wconf 88' lang='lat' dir='ltr'>ejus</span> <span class='ocrx_word' id='word_1_97' title='bbox 1311 1471 1401 1559; x_wconf 85' lang='lat' dir='ltr'>cujus</span> 
     </span>
     <span class='ocr_line' id='line_1_13' title="bbox 295 1568 1291 1659; baseline 0 -21"><span class='ocrx_word' id='word_1_98' title='bbox 295 1573 448 1641; x_wconf 79' lang='lat' dir='ltr'>intererat</span> <span class='ocrx_word' id='word_1_99' title='bbox 464 1594 527 1637; x_wconf 93' lang='lat' dir='ltr'>non</span> <span class='ocrx_word' id='word_1_100' title='bbox 543 1580 703 1659; x_wconf 84' lang='lat' dir='ltr'>peecatum</span> <span class='ocrx_word' id='word_1_101' title='bbox 720 1592 796 1646; x_wconf 84' lang='lat' dir='ltr'>esse,</span> <span class='ocrx_word' id='word_1_102' title='bbox 812 1577 867 1635; x_wconf 86' lang='lat' dir='ltr'>aut</span> <span class='ocrx_word' id='word_1_103' title='bbox 884 1568 1058 1636; x_wconf 89' lang='lat' dir='ltr'>indistincte</span> <span class='ocrx_word' id='word_1_104' title='bbox 1075 1570 1291 1655; x_wconf 89' lang='lat' dir='ltr'>quorumlibet.</span> 
     </span>
     <span class='ocr_line' id='line_1_14' title="bbox 369 1668 1398 1757; baseline -0.005 -17"><span class='ocrx_word' id='word_1_105' title='bbox 369 1673 448 1740; x_wconf 91' lang='lat' dir='ltr'>Vll.</span> <span class='ocrx_word' id='word_1_106' title='bbox 493 1674 512 1736; x_wconf 93' lang='lat'>1</span> <span class='ocrx_word' id='word_1_107' title='bbox 548 1671 600 1736; x_wconf 83' lang='lat' dir='ltr'>hd</span> <span class='ocrx_word' id='word_1_108' title='bbox 615 1670 727 1735; x_wconf 87' lang='lat' dir='ltr'>horum</span> <span class='ocrx_word' id='word_1_109' title='bbox 743 1668 838 1736; x_wconf 90' lang='lat' dir='ltr'>trium</span> <span class='ocrx_word' id='word_1_110' title='bbox 860 1668 966 1734; x_wconf 87' lang='lat' dir='ltr'>finium</span> <span class='ocrx_word' id='word_1_111' title='bbox 983 1669 1116 1757; x_wconf 94' lang='lat' dir='ltr'>primum</span> <span class='ocrx_word' id='word_1_112' title='bbox 1134 1669 1271 1757; x_wconf 81' lang='lat' dir='ltr'>pertinet</span> <span class='ocrx_word' id='word_1_113' title='bbox 1291 1691 1398 1757; x_wconf 86' lang='lat' dir='ltr'>poena,</span> 
     </span>
     <span class='ocr_line' id='line_1_15' title="bbox 295 1763 1399 1862; baseline 0.001 -24"><span class='ocrx_word' id='word_1_114' title='bbox 295 1793 366 1859; x_wconf 86' lang='lat' dir='ltr'>quae</span> <span class='ocrx_word' id='word_1_115' title='bbox 382 1768 572 1860; x_wconf 81' lang='lat' dir='ltr'>philosophis</span> <span class='ocrx_word' id='word_1_116' title='bbox 588 1770 680 1835; x_wconf 88' lang='lat' dir='ltr'>modo</span> <span class='ocrx_word' id='word_1_117' title='bbox 706 1769 864 1846; x_wconf 69' lang='grc' dir='ltr'>νουθεσία,</span> <span class='ocrx_word' id='word_1_118' title='bbox 882 1768 973 1835; x_wconf 86' lang='lat' dir='ltr'>modo</span> <span class='ocrx_word' id='word_1_119' title='bbox 997 1763 1140 1846; x_wconf 78' lang='grc' dir='ltr'>κόλασις,</span> <span class='ocrx_word' id='word_1_120' title='bbox 1162 1769 1254 1836; x_wconf 90' lang='lat' dir='ltr'>modo</span> <span class='ocrx_word' id='word_1_121' title='bbox 1278 1773 1399 1862; x_wconf 72' lang='grc' dir='ltr'>παραί-</span> 
     </span>
    </p>
   </div>
   <div class='ocr_carea' id='block_1_3' title="bbox 133 1867 1399 1971">
    <p class='ocr_par' dir='ltr' id='par_1_3' title="bbox 133 1867 1399 1971">
     <span class='ocr_line' id='line_1_16' title="bbox 133 1867 1399 1971; baseline -0.004 -31"><span class='ocrx_word' id='word_1_122' title='bbox 133 1885 272 1971; x_wconf 48' lang='lat' dir='ltr'>{gp-1212</span> <span class='ocrx_word' id='word_1_123' title='bbox 296 1901 377 1945; x_wconf 84' lang='grc' dir='ltr'>νεσις</span> <span class='ocrx_word' id='word_1_124' title='bbox 401 1871 523 1947; x_wconf 88' lang='lat' dir='ltr'>dieitur,</span> <span class='ocrx_word' id='word_1_125' title='bbox 550 1869 649 1935; x_wconf 88' lang='lat' dir='ltr'>Paulo</span> <span class='ocrx_word' id='word_1_126' title='bbox 671 1867 897 1935; x_wconf 86' lang='lat' dir='ltr'>JurisoousuIto</span> <span class='ocrx_word' id='word_1_127' title='bbox 922 1890 1014 1955; x_wconf 80' lang='lat' dir='ltr'>poena</span> <span class='ocrx_word' id='word_1_128' title='bbox 1036 1890 1107 1954; x_wconf 88' lang='lat' dir='ltr'>quoe</span> <span class='ocrx_word' id='word_1_129' title='bbox 1135 1868 1334 1934; x_wconf 88' lang='lat' dir='ltr'>constituitur</span> <span class='ocrx_word' id='word_1_130' title='bbox 1363 1869 1399 1935; x_wconf 94' lang='lat' dir='ltr'>in</span> 
     </span>
    </p>
   </div>
   <div class='ocr_carea' id='block_1_4' title="bbox 132 1964 1398 2457">
    <p class='ocr_par' dir='ltr' id='par_1_4' title="bbox 132 1964 1398 2457">
     <span class='ocr_line' id='line_1_17' title="bbox 174 1964 1397 2063; baseline 0 -26"><span class='ocrx_word' id='word_1_131' title='bbox 174 1978 258 2061; x_wconf 51' lang='lat' dir='ltr'>¹⁴2st</span> <span class='ocrx_word' id='word_1_132' title='bbox 295 1970 549 2046; x_wconf 80' lang='lat' dir='ltr'>emendationem,</span> <span class='ocrx_word' id='word_1_133' title='bbox 569 1964 831 2063; x_wconf 80' lang='grc' dir='ltr'>σωφρονισμον”’</span> <span class='ocrx_word' id='word_1_134' title='bbox 814 1997 909 2037; x_wconf 78' lang='lat' dir='ltr'>evera</span> <span class='ocrx_word' id='word_1_135' title='bbox 926 1968 1059 2044; x_wconf 89' lang='lat' dir='ltr'>Platoni,</span> <span class='ocrx_word' id='word_1_136' title='bbox 1078 1967 1273 2034; x_wconf 83' lang='lat' dir='ltr'>Plutarcho&#39;</span> <span class='ocrx_word' id='word_1_137' title='bbox 1264 1972 1397 2061; x_wconf 76' lang='grc' dir='ltr'>ιατρεῖα</span> 
     </span>
     <span class='ocr_line' id='line_1_18' title="bbox 132 2067 1398 2164; baseline -0.004 -25"><span class='ocrx_word' id='word_1_138' title='bbox 132 2114 197 2152; x_wconf 56' lang='lat' dir='ltr'>Nm,</span> <span class='ocrx_word' id='word_1_139' title='bbox 171 2078 263 2155; x_wconf 52' lang='lat' dir='ltr'>”tm</span> <span class='ocrx_word' id='word_1_140' title='bbox 295 2073 419 2164; x_wconf 65' lang='grc' dir='ltr'><strong><em>ψυχῆς,</em></strong></span> <span class='ocrx_word' id='word_1_141' title='bbox 437 2072 543 2135; x_wconf 81' lang='lat' dir='ltr'>enimc</span> <span class='ocrx_word' id='word_1_142' title='bbox 536 2070 734 2135; x_wconf 77' lang='lat' dir='ltr'>&#39;&#39;noedicat</span> <span class='ocrx_word' id='word_1_143' title='bbox 687 2081 764 2145; x_wconf 79' lang='lat' dir='ltr'>trec,</span> <span class='ocrx_word' id='word_1_144' title='bbox 790 2090 861 2153; x_wconf 86' lang='lat' dir='ltr'>quae</span> <span class='ocrx_word' id='word_1_145' title='bbox 877 2068 935 2132; x_wconf 91' lang='lat' dir='ltr'>hoc</span> <span class='ocrx_word' id='word_1_146' title='bbox 952 2067 1018 2156; x_wconf 88' lang='lat' dir='ltr'>agit</span> <span class='ocrx_word' id='word_1_147' title='bbox 1035 2075 1071 2132; x_wconf 94' lang='lat' dir='ltr'>ut</span> <span class='ocrx_word' id='word_1_148' title='bbox 1093 2090 1162 2132; x_wconf 90' lang='lat' dir='ltr'>eum</span> <span class='ocrx_word' id='word_1_149' title='bbox 1180 2067 1233 2153; x_wconf 96' lang='lat' dir='ltr'>qui</span> <span class='ocrx_word' id='word_1_150' title='bbox 1255 2071 1398 2155; x_wconf 85' lang='lat' dir='ltr'>peccavit</span> 
     </span>
     <span class='ocr_line' id='line_1_19' title="bbox 147 2160 1396 2253; baseline -0.002 -16.966"><span class='ocrx_word' id='word_1_151' title='bbox 147 2160 224 2244; x_wconf 48' lang='grc' dir='ltr'>Ὗ*</span> <span class='ocrx_word' id='word_1_152' title='bbox 293 2171 407 2236; x_wconf 89' lang='lat' dir='ltr'>reddat</span> <span class='ocrx_word' id='word_1_153' title='bbox 421 2169 578 2234; x_wconf 91' lang='lat' dir='ltr'>meliorem</span> <span class='ocrx_word' id='word_1_154' title='bbox 601 2167 745 2233; x_wconf 91' lang='lat' dir='ltr'>medendi</span> <span class='ocrx_word' id='word_1_155' title='bbox 762 2167 863 2244; x_wconf 92' lang='lat' dir='ltr'>modo,</span> <span class='ocrx_word' id='word_1_156' title='bbox 887 2167 941 2253; x_wconf 92' lang='lat' dir='ltr'>qui</span> <span class='ocrx_word' id='word_1_157' title='bbox 958 2176 1006 2232; x_wconf 88' lang='lat' dir='ltr'>est</span> <span class='ocrx_word' id='word_1_158' title='bbox 1027 2189 1084 2252; x_wconf 90' lang='lat' dir='ltr'>per</span> <span class='ocrx_word' id='word_1_159' title='bbox 1101 2166 1265 2232; x_wconf 86' lang='lat' dir='ltr'>contraria</span> <span class='ocrx_word' id='word_1_160' title='bbox 1310 2167 1396 2233; x_wconf 88' lang='lat' dir='ltr'>Nam</span> 
     </span>
     <span class='ocr_line' id='line_1_20' title="bbox 292 2265 1395 2355; baseline -0.003 -21"><span class='ocrx_word' id='word_1_161' title='bbox 292 2269 366 2355; x_wconf 87' lang='lat' dir='ltr'>quia</span> <span class='ocrx_word' id='word_1_162' title='bbox 382 2268 481 2334; x_wconf 89' lang='lat' dir='ltr'>omnis</span> <span class='ocrx_word' id='word_1_163' title='bbox 496 2267 585 2344; x_wconf 89' lang='lat' dir='ltr'>actio,</span> <span class='ocrx_word' id='word_1_164' title='bbox 603 2274 734 2354; x_wconf 86' lang='lat' dir='ltr'>praesert</span> <span class='ocrx_word' id='word_1_165' title='bbox 735 2265 776 2331; x_wconf 89' lang='lat' dir='ltr'>im</span> <span class='ocrx_word' id='word_1_166' title='bbox 790 2288 865 2332; x_wconf 82' lang='lat' dir='ltr'>vero</span> <span class='ocrx_word' id='word_1_167' title='bbox 883 2265 1054 2332; x_wconf 90' lang='lat' dir='ltr'>deliberata</span> <span class='ocrx_word' id='word_1_168' title='bbox 1069 2287 1106 2330; x_wconf 90' lang='lat' dir='ltr'>ac</span> <span class='ocrx_word' id='word_1_169' title='bbox 1122 2266 1277 2352; x_wconf 80' lang='lat' dir='ltr'>frequens,</span> <span class='ocrx_word' id='word_1_170' title='bbox 1295 2287 1395 2352; x_wconf 87' lang='lat' dir='ltr'>quan·</span> 
     </span>
     <span class='ocr_line' id='line_1_21' title="bbox 293 2364 1395 2457; baseline -0.004 -22"><span class='ocrx_word' id='word_1_171' title='bbox 293 2368 365 2435; x_wconf 91' lang='lat' dir='ltr'>dam</span> <span class='ocrx_word' id='word_1_172' title='bbox 381 2367 483 2457; x_wconf 86' lang='lat' dir='ltr'>gignit</span> <span class='ocrx_word' id='word_1_173' title='bbox 499 2366 547 2432; x_wconf 89' lang='lat' dir='ltr'>sui</span> <span class='ocrx_word' id='word_1_174' title='bbox 568 2365 803 2452; x_wconf 83' lang='lat' dir='ltr'>proclivitatem,</span> <span class='ocrx_word' id='word_1_175' title='bbox 823 2387 893 2452; x_wconf 81' lang='lat' dir='ltr'>quae</span> <span class='ocrx_word' id='word_1_176' title='bbox 909 2365 1017 2431; x_wconf 89' lang='lat' dir='ltr'>adulta</span> <span class='ocrx_word' id='word_1_177' title='bbox 1036 2364 1161 2430; x_wconf 89' lang='lat' dir='ltr'>habitus</span> <span class='ocrx_word' id='word_1_178' title='bbox 1179 2365 1300 2443; x_wconf 88' lang='lat' dir='ltr'>dicitur,</span> <span class='ocrx_word' id='word_1_179' title='bbox 1322 2365 1395 2431; x_wconf 91' lang='lat' dir='ltr'>ideo</span> 
     </span>
    </p>
   </div>
   <div class='ocr_carea' id='block_1_5' title="bbox 293 2463 1395 2552">
    <p class='ocr_par' dir='ltr' id='par_1_5' title="bbox 293 2463 1395 2552">
     <span class='ocr_line' id='line_1_22' title="bbox 293 2463 1395 2552; baseline -0.002 -19"><span class='ocrx_word' id='word_1_180' title='bbox 293 2467 387 2549; x_wconf 78' lang='lat' dir='ltr'>vitiis,</span> <span class='ocrx_word' id='word_1_181' title='bbox 410 2464 638 2552; x_wconf 74' lang='lat' dir='ltr'>quamprimum</span> <span class='ocrx_word' id='word_1_182' title='bbox 656 2463 725 2529; x_wconf 90' lang='lat' dir='ltr'>fieri</span> <span class='ocrx_word' id='word_1_183' title='bbox 741 2472 853 2551; x_wconf 89' lang='lat' dir='ltr'>potest,</span> <span class='ocrx_word' id='word_1_184' title='bbox 879 2464 1044 2530; x_wconf 90' lang='lat' dir='ltr'>adimenda</span> <span class='ocrx_word' id='word_1_185' title='bbox 1064 2473 1112 2529; x_wconf 91' lang='lat' dir='ltr'>est</span> <span class='ocrx_word' id='word_1_186' title='bbox 1131 2463 1284 2542; x_wconf 80' lang='lat' dir='ltr'>illecebra,</span> <span class='ocrx_word' id='word_1_187' title='bbox 1309 2466 1395 2551; x_wconf 93' lang='lat' dir='ltr'>quod</span> 
     </span>
    </p>
   </div>
   <div class='ocr_carea' id='block_1_6' title="bbox 292 2563 1394 2682">
    <p class='ocr_par' dir='ltr' id='par_1_6' title="bbox 292 2563 1394 2682">
     <span class='ocr_line' id='line_1_23' title="bbox 292 2563 1394 2682; baseline 0 -53"><span class='ocrx_word' id='word_1_188' title='bbox 292 2565 361 2631; x_wconf 85' lang='lat' dir='ltr'>lieri</span> <span class='ocrx_word' id='word_1_189' title='bbox 377 2565 491 2630; x_wconf 89' lang='lat' dir='ltr'>rectius</span> <span class='ocrx_word' id='word_1_190' title='bbox 507 2563 624 2649; x_wconf 87' lang='lat' dir='ltr'>nequit,</span> <span class='ocrx_word' id='word_1_191' title='bbox 642 2584 735 2648; x_wconf 90' lang='lat' dir='ltr'>quam</span> <span class='ocrx_word' id='word_1_192' title='bbox 752 2585 779 2628; x_wconf 85' lang='lat' dir='ltr'>er</span> <span class='ocrx_word' id='word_1_193' title='bbox 768 2563 920 2629; x_wconf 78' lang='lat' dir='ltr'>&#39;dolore</span> <span class='ocrx_word' id='word_1_194' title='bbox 935 2563 1069 2649; x_wconf 92' lang='lat' dir='ltr'>quodam</span> <span class='ocrx_word' id='word_1_195' title='bbox 1082 2563 1287 2649; x_wconf 80' lang='lat' dir='ltr'>subsequente</span> <span class='ocrx_word' id='word_1_196' title='bbox 1303 2586 1394 2682; x_wconf 86' lang='lat' dir='ltr'>sapo-</span> 
     </span>
    </p>
   </div>
   <div class='ocr_carea' id='block_1_7' title="bbox 128 2661 1394 2759">
    <p class='ocr_par' dir='ltr' id='par_1_7' title="bbox 128 2661 1394 2759">
     <span class='ocr_line' id='line_1_24' title="bbox 128 2661 1394 2759; baseline 0.003 -33"><span class='ocrx_word' id='word_1_197' title='bbox 128 2673 271 2759; x_wconf 55' lang='lat' dir='ltr'>gffim</span> <span class='ocrx_word' id='word_1_198' title='bbox 291 2685 358 2729; x_wconf 92' lang='lat' dir='ltr'>rem</span> <span class='ocrx_word' id='word_1_199' title='bbox 373 2663 518 2728; x_wconf 85' lang='lat' dir='ltr'>amittant</span> <span class='ocrx_word' id='word_1_200' title='bbox 535 2661 710 2727; x_wconf 82' lang='lat' dir='ltr'>dulcedinis</span> <span class='ocrx_word' id='word_1_201' title='bbox 751 2661 903 2727; x_wconf 81' lang='lat' dir='ltr'>Platonici</span> <span class='ocrx_word' id='word_1_202' title='bbox 918 2662 1069 2728; x_wconf 88' lang='lat' dir='ltr'>recitante</span> <span class='ocrx_word' id='word_1_203' title='bbox 1083 2662 1235 2749; x_wconf 82' lang='lat' dir='ltr'>Apuleio:</span> <span class='ocrx_word' id='word_1_204' title='bbox 1254 2666 1394 2748; x_wconf 70' lang='lat' dir='ltr'>praciam</span> 
     </span>
    </p>
   </div>
   <div class='ocr_carea' id='block_1_8' title="bbox 127 2761 1393 3047">
    <p class='ocr_par' dir='ltr' id='par_1_8' title="bbox 127 2761 1393 3047">
     <span class='ocr_line' id='line_1_25' title="bbox 128 2761 1392 2848; baseline 0.001 -21"><span class='ocrx_word' id='word_1_205' title='bbox 128 2765 188 2815; x_wconf 80' lang='lat'>1’··⁹¹</span> <span class='ocrx_word' id='word_1_206' title='bbox 291 2775 322 2829; x_wconf 87' lang='lat' dir='ltr'>et</span> <span class='ocrx_word' id='word_1_207' title='bbox 338 2764 486 2829; x_wconf 72' lang='lat' dir='ltr'>acerbiter</span> <span class='ocrx_word' id='word_1_208' title='bbox 503 2773 549 2827; x_wconf 83' lang='lat' dir='ltr'>eet</span> <span class='ocrx_word' id='word_1_209' title='bbox 566 2783 652 2826; x_wconf 78' lang='lat' dir='ltr'>omne</span> <span class='ocrx_word' id='word_1_210' title='bbox 646 2761 878 2846; x_wconf 77' lang='lat' dir='ltr'>‘&#39;supplieio</span> <span class='ocrx_word' id='word_1_211' title='bbox 845 2785 876 2828; x_wconf 82' lang='lat' dir='ltr'>ac</span> <span class='ocrx_word' id='word_1_212' title='bbox 894 2763 988 2828; x_wconf 80' lang='lat' dir='ltr'>cocio</span> <span class='ocrx_word' id='word_1_213' title='bbox 1009 2764 1150 2848; x_wconf 74' lang='lat' dir='ltr'>imponit</span> <span class='ocrx_word' id='word_1_214' title='bbox 1151 2784 1190 2827; x_wconf 77' lang='lat' dir='ltr'>aa</span> <span class='ocrx_word' id='word_1_215' title='bbox 1206 2764 1392 2848; x_wconf 85' lang='lat' dir='ltr'>differetur,</span> 
     </span>
     <span class='ocr_line' id='line_1_26' title="bbox 127 2861 1393 2948; baseline -0.001 -21"><span class='ocrx_word' id='word_1_216' title='bbox 127 2873 261 2914; x_wconf 52' lang='lat' dir='ltr'>Annii&amp;</span> <span class='ocrx_word' id='word_1_217' title='bbox 290 2885 346 2929; x_wconf 85' lang='lat' dir='ltr'>nec</span> <span class='ocrx_word' id='word_1_218' title='bbox 360 2863 523 2928; x_wconf 82' lang='lat' dir='ltr'>bominum</span> <span class='ocrx_word' id='word_1_219' title='bbox 539 2862 669 2925; x_wconf 81' lang='lat' dir='ltr'>interim</span> <span class='ocrx_word' id='word_1_220' title='bbox 687 2862 968 2927; x_wconf 71' lang='lat' dir='ltr'>animadversione</span> <span class='ocrx_word' id='word_1_221' title='bbox 979 2862 1156 2946; x_wconf 83' lang='lat' dir='ltr'>plectatur.</span> <span class='ocrx_word' id='word_1_222' title='bbox 1192 2861 1285 2948; x_wconf 83' lang='lat' dir='ltr'>apud</span> <span class='ocrx_word' id='word_1_223' title='bbox 1303 2862 1393 2926; x_wconf 85' lang='lat' dir='ltr'>Taci-</span> 
     </span>
     <span class='ocr_line' id='line_1_27' title="bbox 289 2961 1393 3047; baseline -0.002 -19"><span class='ocrx_word' id='word_1_224' title='bbox 289 2969 356 3028; x_wconf 91' lang='lat' dir='ltr'>tum</span> <span class='ocrx_word' id='word_1_225' title='bbox 373 2970 437 3028; x_wconf 86' lang='lat' dir='ltr'>eet:</span> <span class='ocrx_word' id='word_1_226' title='bbox 465 2972 635 3047; x_wconf 80' lang='lat' dir='ltr'>corruptus</span> <span class='ocrx_word' id='word_1_227' title='bbox 651 2961 751 3026; x_wconf 78' lang='grc' dir='ltr'>οἱιιιιιὶ</span> <span class='ocrx_word' id='word_1_228' title='bbox 767 2972 797 3026; x_wconf 86' lang='lat' dir='ltr'>et</span> <span class='ocrx_word' id='word_1_229' title='bbox 814 2973 984 3047; x_wconf 79' lang='lat' dir='ltr'>corruptor</span> <span class='ocrx_word' id='word_1_230' title='bbox 1004 2983 1088 3045; x_wconf 73' lang='lat' dir='ltr'>ceper</span> <span class='ocrx_word' id='word_1_231' title='bbox 1104 2972 1134 3026; x_wconf 86' lang='lat' dir='ltr'>ct</span> <span class='ocrx_word' id='word_1_232' title='bbox 1144 2963 1300 3046; x_wconf 68' lang='lat' dir='ltr'>flagrans</span> <span class='ocrx_word' id='word_1_233' title='bbox 1316 2964 1393 3026; x_wconf 80' lang='lat' dir='ltr'>ani·</span> 
     </span>
    </p>
   </div>
   <div class='ocr_carea' id='block_1_9' title="bbox 288 3134 1394 3272">
    <p class='ocr_par' dir='ltr' id='par_1_9' title="bbox 288 3134 1394 3272">
     <span class='ocr_line' id='line_1_28' title="bbox 330 3134 1394 3198; baseline 0.002 -14"><span class='ocrx_word' id='word_1_234' title='bbox 330 3144 340 3170; x_wconf 79' lang='lat'>⁸</span> <span class='ocrx_word' id='word_1_235' title='bbox 354 3136 446 3184; x_wconf 85' lang='lat' dir='ltr'>Dolore</span> <span class='ocrx_word' id='word_1_236' title='bbox 451 3136 554 3198; x_wconf 79' lang='lat' dir='ltr'>quodam</span> <span class='ocrx_word' id='word_1_237' title='bbox 560 3134 716 3195; x_wconf 67' lang='lat' dir='ltr'>subrepentia]</span> <span class='ocrx_word' id='word_1_238' title='bbox 725 3135 814 3182; x_wconf 85' lang='lat' dir='ltr'>Seneca</span> <span class='ocrx_word' id='word_1_239' title='bbox 864 3140 887 3181; x_wconf 86' lang='lat' dir='ltr'>et</span> <span class='ocrx_word' id='word_1_240' title='bbox 896 3134 990 3181; x_wconf 75' lang='grc' dir='ltr'>αᾱοοιίι</span> <span class='ocrx_word' id='word_1_241' title='bbox 999 3135 1084 3191; x_wconf 74' lang='lat' dir='ltr'>macie,</span> <span class='ocrx_word' id='word_1_242' title='bbox 1099 3149 1145 3181; x_wconf 86' lang='grc' dir='ltr'>ιιοιι</span> <span class='ocrx_word' id='word_1_243' title='bbox 1155 3136 1339 3198; x_wconf 71' lang='lat' dir='ltr'>ctsranqcmue,</span> <span class='ocrx_word' id='word_1_244' title='bbox 1350 3139 1394 3186; x_wconf 78' lang='lat' dir='ltr'>ced</span> 
     </span>
     <span class='ocr_line' id='line_1_29' title="bbox 288 3209 1393 3272; baseline 0.002 -14"><span class='ocrx_word' id='word_1_245' title='bbox 288 3212 318 3258; x_wconf 82' lang='lat' dir='ltr'>de</span> <span class='ocrx_word' id='word_1_246' title='bbox 326 3213 373 3259; x_wconf 85' lang='lat' dir='ltr'>Iro</span> <span class='ocrx_word' id='word_1_247' title='bbox 383 3223 400 3258; x_wconf 91' lang='lat'>1.</span> <span class='ocrx_word' id='word_1_248' title='bbox 410 3213 432 3259; x_wconf 80' lang='lat'>5.</span> <span class='ocrx_word' id='word_1_249' title='bbox 443 3209 751 3272; x_wconf 81' lang='lat' dir='ltr'>quemadmodumquoedam</span> <span class='ocrx_word' id='word_1_250' title='bbox 759 3210 813 3254; x_wconf 79' lang='lat' dir='ltr'>tce·</span> <span class='ocrx_word' id='word_1_251' title='bbox 863 3215 890 3256; x_wconf 81' lang='lat' dir='ltr'>ut</span> <span class='ocrx_word' id='word_1_252' title='bbox 908 3210 1054 3269; x_wconf 69' lang='lat' dir='ltr'>explicem,</span> <span class='ocrx_word' id='word_1_253' title='bbox 1079 3210 1202 3257; x_wconf 79' lang='lat' dir='ltr'>elidimur:</span> <span class='ocrx_word' id='word_1_254' title='bbox 1226 3212 1261 3258; x_wconf 77' lang='lat' dir='ltr'>cic</span> <span class='ocrx_word' id='word_1_255' title='bbox 1285 3213 1393 3272; x_wconf 70' lang='lat' dir='ltr'>iacentia</span> 
     </span>
    </p>
   </div>
   <div class='ocr_carea' id='block_1_10' title="bbox 287 3286 1393 3350">
    <p class='ocr_par' dir='ltr' id='par_1_10' title="bbox 287 3286 1393 3350">
     <span class='ocr_line' id='line_1_30' title="bbox 287 3286 1393 3350; baseline -0.003 -12"><span class='ocrx_word' id='word_1_256' title='bbox 287 3290 344 3338; x_wconf 83' lang='lat' dir='ltr'>tilia</span> <span class='ocrx_word' id='word_1_257' title='bbox 356 3290 457 3347; x_wconf 83' lang='lat' dir='ltr'>detorta,</span> <span class='ocrx_word' id='word_1_258' title='bbox 472 3293 498 3336; x_wconf 82' lang='lat' dir='ltr'>ut</span> <span class='ocrx_word' id='word_1_259' title='bbox 513 3289 666 3348; x_wconf 71' lang='lat' dir='ltr'>corrigamus,</span> <span class='ocrx_word' id='word_1_260' title='bbox 682 3286 812 3343; x_wconf 77' lang='lat' dir='ltr'>adurimus,</span> <span class='ocrx_word' id='word_1_261' title='bbox 862 3286 924 3332; x_wconf 81' lang='lat' dir='ltr'>citio</span> <span class='ocrx_word' id='word_1_262' title='bbox 941 3300 1022 3344; x_wconf 73' lang='lat' dir='ltr'>pratia</span> <span class='ocrx_word' id='word_1_263' title='bbox 1043 3286 1124 3333; x_wconf 84' lang='lat' dir='ltr'>dolore</span> <span class='ocrx_word' id='word_1_264' title='bbox 1145 3289 1252 3348; x_wconf 80' lang='lat' dir='ltr'>corporis</span> <span class='ocrx_word' id='word_1_265' title='bbox 1271 3289 1393 3350; x_wconf 76' lang='lat' dir='ltr'>animique</span> 
     </span>
    </p>
   </div>
   <div class='ocr_carea' id='block_1_11' title="bbox 283 3532 1392 4548">
    <p class='ocr_par' dir='ltr' id='par_1_11' title="bbox 284 3532 1392 3858">
     <span class='ocr_line' id='line_1_31' title="bbox 287 3532 1392 3605; baseline 0.001 -17"><span class='ocrx_word' id='word_1_266' title='bbox 287 3534 371 3588; x_wconf 90' lang='lat' dir='ltr'>Plato</span> <span class='ocrx_word' id='word_1_267' title='bbox 390 3532 530 3587; x_wconf 88' lang='lat' dir='ltr'>mentions</span> <span class='ocrx_word' id='word_1_268' title='bbox 553 3538 608 3587; x_wconf 82' lang='lat' dir='ltr'>two</span> <span class='ocrx_word' id='word_1_269' title='bbox 632 3532 709 3595; x_wconf 80' lang='lat' dir='ltr'>ends,</span> <span class='ocrx_word' id='word_1_270' title='bbox 728 3533 896 3586; x_wconf 71' lang='lat' dir='ltr'>omecdment</span> <span class='ocrx_word' id='word_1_271' title='bbox 918 3533 976 3587; x_wconf 92' lang='lat' dir='ltr'>and</span> <span class='ocrx_word' id='word_1_272' title='bbox 996 3535 1124 3605; x_wconf 81' lang='lat' dir='ltr'>arcmple,</span> <span class='ocrx_word' id='word_1_273' title='bbox 1148 3534 1257 3588; x_wconf 83' lang='lat' dir='ltr'>Taurus</span> <span class='ocrx_word' id='word_1_274' title='bbox 1278 3532 1348 3588; x_wconf 88' lang='lat' dir='ltr'>adds</span> <span class='ocrx_word' id='word_1_275' title='bbox 1371 3550 1392 3589; x_wconf 85' lang='lat' dir='ltr'>a</span> 
     </span>
     <span class='ocr_line' id='line_1_32' title="bbox 287 3617 1391 3679; baseline 0.004 -8"><span class='ocrx_word' id='word_1_276' title='bbox 287 3619 372 3679; x_wconf 89' lang='lat' dir='ltr'>third,</span> <span class='ocrx_word' id='word_1_277' title='bbox 399 3618 565 3671; x_wconf 66' lang='lat' dir='ltr'>retribution.</span> <span class='ocrx_word' id='word_1_278' title='bbox 612 3617 651 3670; x_wconf 83' lang='lat' dir='ltr'>So</span> <span class='ocrx_word' id='word_1_279' title='bbox 676 3617 805 3670; x_wconf 79' lang='lat' dir='ltr'>Clemens</span> <span class='ocrx_word' id='word_1_280' title='bbox 823 3617 1036 3672; x_wconf 85' lang='lat' dir='ltr'>Alexandrinus.</span> <span class='ocrx_word' id='word_1_281' title='bbox 1082 3619 1217 3673; x_wconf 82' lang='lat' dir='ltr'>Aristotle</span> <span class='ocrx_word' id='word_1_282' title='bbox 1236 3619 1315 3673; x_wconf 87' lang='lat' dir='ltr'>takes</span> <span class='ocrx_word' id='word_1_283' title='bbox 1339 3619 1391 3675; x_wconf 88' lang='lat' dir='ltr'>the</span> 
     </span>
     <span class='ocr_line' id='line_1_33' title="bbox 287 3699 1391 3777; baseline 0.005 -22"><span class='ocrx_word' id='word_1_284' title='bbox 287 3708 342 3756; x_wconf 87' lang='lat' dir='ltr'>two</span> <span class='ocrx_word' id='word_1_285' title='bbox 357 3702 442 3753; x_wconf 87' lang='lat' dir='ltr'>latter</span> <span class='ocrx_word' id='word_1_286' title='bbox 456 3699 534 3754; x_wconf 89' lang='lat' dir='ltr'>ends.</span> <span class='ocrx_word' id='word_1_287' title='bbox 580 3700 716 3754; x_wconf 85' lang='lat' dir='ltr'>Plutarch</span> <span class='ocrx_word' id='word_1_288' title='bbox 730 3700 888 3768; x_wconf 71' lang='lat' dir='ltr'>recognitae</span> <span class='ocrx_word' id='word_1_289' title='bbox 903 3701 1079 3756; x_wconf 86' lang='lat' dir='ltr'>retribution.</span> <span class='ocrx_word' id='word_1_290' title='bbox 1124 3702 1189 3756; x_wconf 82' lang='lat' dir='ltr'>And</span> <span class='ocrx_word' id='word_1_291' title='bbox 1204 3703 1259 3756; x_wconf 88' lang='lat' dir='ltr'>this</span> <span class='ocrx_word' id='word_1_292' title='bbox 1280 3705 1303 3758; x_wconf 87' lang='lat' dir='ltr'>is</span> <span class='ocrx_word' id='word_1_293' title='bbox 1322 3722 1391 3777; x_wconf 89' lang='lat' dir='ltr'>pro-</span> 
     </span>
     <span class='ocr_line' id='line_1_34' title="bbox 284 3784 1037 3858; baseline -0.003 -17"><span class='ocrx_word' id='word_1_294' title='bbox 284 3786 367 3858; x_wconf 79' lang='lat' dir='ltr'>perly</span> <span class='ocrx_word' id='word_1_295' title='bbox 380 3784 455 3838; x_wconf 83' lang='lat' dir='ltr'>what</span> <span class='ocrx_word' id='word_1_296' title='bbox 466 3784 601 3840; x_wconf 84' lang='lat' dir='ltr'>Aristotle</span> <span class='ocrx_word' id='word_1_297' title='bbox 616 3785 704 3838; x_wconf 81' lang='lat' dir='ltr'>refers</span> <span class='ocrx_word' id='word_1_298' title='bbox 718 3789 748 3838; x_wconf 89' lang='lat' dir='ltr'>to</span> <span class='ocrx_word' id='word_1_299' title='bbox 759 3785 916 3854; x_wconf 79' lang='lat' dir='ltr'>ryncllectic</span> <span class='ocrx_word' id='word_1_300' title='bbox 926 3787 1037 3856; x_wconf 81' lang='lat' dir='ltr'>justice.</span> 
     </span>
    </p>

    <p class='ocr_par' dir='ltr' id='par_1_12' title="bbox 285 3869 1391 4117">
     <span class='ocr_line' id='line_1_35' title="bbox 344 3869 1391 3945; baseline 0.008 -20"><span class='ocrx_word' id='word_1_301' title='bbox 344 3877 361 3925; x_wconf 84' lang='lat'>2</span> <span class='ocrx_word' id='word_1_302' title='bbox 387 3872 445 3924; x_wconf 92' lang='lat' dir='ltr'>But</span> <span class='ocrx_word' id='word_1_303' title='bbox 463 3869 519 3925; x_wconf 88' lang='lat' dir='ltr'>this</span> <span class='ocrx_word' id='word_1_304' title='bbox 537 3876 613 3924; x_wconf 85' lang='lat' dir='ltr'>must</span> <span class='ocrx_word' id='word_1_305' title='bbox 626 3869 662 3923; x_wconf 89' lang='lat' dir='ltr'>be</span> <span class='ocrx_word' id='word_1_306' title='bbox 674 3885 752 3924; x_wconf 89' lang='lat' dir='ltr'>more</span> <span class='ocrx_word' id='word_1_307' title='bbox 766 3869 904 3942; x_wconf 84' lang='lat' dir='ltr'>minutely</span> <span class='ocrx_word' id='word_1_308' title='bbox 918 3872 1073 3928; x_wconf 83' lang='lat' dir='ltr'>examined.</span> <span class='ocrx_word' id='word_1_309' title='bbox 1106 3872 1160 3927; x_wconf 85' lang='lat' dir='ltr'>We</span> <span class='ocrx_word' id='word_1_310' title='bbox 1172 3871 1243 3926; x_wconf 86' lang='lat' dir='ltr'>shall</span> <span class='ocrx_word' id='word_1_311' title='bbox 1256 3890 1304 3945; x_wconf 82' lang='lat' dir='ltr'>say</span> <span class='ocrx_word' id='word_1_312' title='bbox 1317 3876 1391 3933; x_wconf 89' lang='lat' dir='ltr'>then</span> 
     </span>
     <span class='ocr_line' id='line_1_36' title="bbox 286 3955 1390 4030; baseline 0.005 -18"><span class='ocrx_word' id='word_1_313' title='bbox 286 3956 377 4012; x_wconf 85' lang='lat' dir='ltr'>that</span> <span class='ocrx_word' id='word_1_314' title='bbox 369 3974 399 4011; x_wconf 90' lang='grc' dir='ltr'>ιιι</span> <span class='ocrx_word' id='word_1_315' title='bbox 413 3955 619 4029; x_wconf 81' lang='lat' dir='ltr'>punishment</span> <span class='ocrx_word' id='word_1_316' title='bbox 611 3972 635 4009; x_wconf 86' lang='lat' dir='ltr'>rs</span> <span class='ocrx_word' id='word_1_317' title='bbox 650 3955 788 4025; x_wconf 85' lang='lat' dir='ltr'>regarded</span> <span class='ocrx_word' id='word_1_318' title='bbox 808 3955 899 4011; x_wconf 88' lang='lat' dir='ltr'>either</span> <span class='ocrx_word' id='word_1_319' title='bbox 913 3957 963 4012; x_wconf 90' lang='lat' dir='ltr'>the</span> <span class='ocrx_word' id='word_1_320' title='bbox 977 3958 1072 4030; x_wconf 83' lang='lat' dir='ltr'>utility</span> <span class='ocrx_word' id='word_1_321' title='bbox 1089 3960 1123 4014; x_wconf 86' lang='lat' dir='ltr'>of</span> <span class='ocrx_word' id='word_1_322' title='bbox 1137 3958 1187 4013; x_wconf 92' lang='lat' dir='ltr'>the</span> <span class='ocrx_word' id='word_1_323' title='bbox 1203 3960 1338 4026; x_wconf 84' lang='lat' dir='ltr'>offender,</span> <span class='ocrx_word' id='word_1_324' title='bbox 1354 3979 1390 4019; x_wconf 89' lang='grc' dir='ltr'>οι·</span> 
     </span>
     <span class='ocr_line' id='line_1_37' title="bbox 285 4040 1222 4117; baseline -0.001 -18"><span class='ocrx_word' id='word_1_325' title='bbox 285 4044 320 4099; x_wconf 86' lang='lat' dir='ltr'>of</span> <span class='ocrx_word' id='word_1_326' title='bbox 330 4043 390 4098; x_wconf 91' lang='lat' dir='ltr'>him</span> <span class='ocrx_word' id='word_1_327' title='bbox 404 4042 466 4117; x_wconf 68' lang='lat' dir='ltr'>pho</span> <span class='ocrx_word' id='word_1_328' title='bbox 480 4041 578 4096; x_wconf 86' lang='lat' dir='ltr'>suffere</span> <span class='ocrx_word' id='word_1_329' title='bbox 592 4040 630 4112; x_wconf 79' lang='lat' dir='ltr'>by</span> <span class='ocrx_word' id='word_1_330' title='bbox 645 4040 694 4096; x_wconf 89' lang='lat' dir='ltr'>the</span> <span class='ocrx_word' id='word_1_331' title='bbox 709 4043 821 4108; x_wconf 85' lang='lat' dir='ltr'>offense,</span> <span class='ocrx_word' id='word_1_332' title='bbox 837 4059 870 4096; x_wconf 89' lang='lat' dir='ltr'>or</span> <span class='ocrx_word' id='word_1_333' title='bbox 882 4043 915 4098; x_wconf 82' lang='lat' dir='ltr'>oi</span> <span class='ocrx_word' id='word_1_334' title='bbox 924 4061 1039 4117; x_wconf 89' lang='lat' dir='ltr'>persons</span> <span class='ocrx_word' id='word_1_335' title='bbox 1054 4046 1083 4099; x_wconf 92' lang='lat' dir='ltr'>in</span> <span class='ocrx_word' id='word_1_336' title='bbox 1097 4046 1222 4116; x_wconf 88' lang='lat' dir='ltr'>general.</span> 
     </span>
    </p>

    <p class='ocr_par' dir='ltr' id='par_1_13' title="bbox 283 4126 1388 4548">
     <span class='ocr_line' id='line_1_38' title="bbox 341 4126 1388 4204; baseline 0.006 -20"><span class='ocrx_word' id='word_1_337' title='bbox 341 4129 406 4184; x_wconf 76' lang='lat' dir='ltr'>vlu</span> <span class='ocrx_word' id='word_1_338' title='bbox 444 4134 458 4183; x_wconf 90' lang='lat'>1</span> <span class='ocrx_word' id='word_1_339' title='bbox 484 4127 526 4182; x_wconf 93' lang='grc' dir='ltr'>Το</span> <span class='ocrx_word' id='word_1_340' title='bbox 544 4126 593 4182; x_wconf 91' lang='lat' dir='ltr'>tho</span> <span class='ocrx_word' id='word_1_341' title='bbox 607 4127 668 4181; x_wconf 85' lang='lat' dir='ltr'>first</span> <span class='ocrx_word' id='word_1_342' title='bbox 686 4128 719 4182; x_wconf 87' lang='lat' dir='ltr'>of</span> <span class='ocrx_word' id='word_1_343' title='bbox 730 4128 810 4184; x_wconf 86' lang='lat' dir='ltr'>these</span> <span class='ocrx_word' id='word_1_344' title='bbox 825 4129 904 4194; x_wconf 89' lang='lat' dir='ltr'>ends,</span> <span class='ocrx_word' id='word_1_345' title='bbox 920 4132 1043 4201; x_wconf 88' lang='lat' dir='ltr'>pertains</span> <span class='ocrx_word' id='word_1_346' title='bbox 1062 4131 1243 4204; x_wconf 75' lang='lat' dir='ltr'>punishment</span> <span class='ocrx_word' id='word_1_347' title='bbox 1252 4131 1371 4187; x_wconf 80' lang='lat' dir='ltr'>which</span> <span class='ocrx_word' id='word_1_348' title='bbox 1362 4152 1388 4191; x_wconf 74' lang='grc' dir='ltr'>ιε</span> 
     </span>
     <span class='ocr_line' id='line_1_39' title="bbox 286 4213 1388 4289; baseline 0.005 -19"><span class='ocrx_word' id='word_1_349' title='bbox 286 4215 376 4270; x_wconf 91' lang='lat' dir='ltr'>called</span> <span class='ocrx_word' id='word_1_350' title='bbox 390 4214 592 4283; x_wconf 77' lang='lat' dir='ltr'>reformatory:</span> <span class='ocrx_word' id='word_1_351' title='bbox 616 4213 649 4267; x_wconf 86' lang='lat' dir='ltr'>of</span> <span class='ocrx_word' id='word_1_352' title='bbox 660 4213 749 4269; x_wconf 87' lang='lat' dir='ltr'>which</span> <span class='ocrx_word' id='word_1_353' title='bbox 764 4216 879 4280; x_wconf 89' lang='lat' dir='ltr'>Paulus,</span> <span class='ocrx_word' id='word_1_354' title='bbox 891 4216 1034 4281; x_wconf 81' lang='lat' dir='ltr'>Plutarch,</span> <span class='ocrx_word' id='word_1_355' title='bbox 1051 4219 1107 4272; x_wconf 88' lang='lat' dir='ltr'>and</span> <span class='ocrx_word' id='word_1_356' title='bbox 1119 4217 1202 4271; x_wconf 86' lang='lat' dir='ltr'>Plato</span> <span class='ocrx_word' id='word_1_357' title='bbox 1217 4218 1320 4289; x_wconf 79' lang='lat' dir='ltr'>speak3</span> <span class='ocrx_word' id='word_1_358' title='bbox 1336 4219 1388 4276; x_wconf 89' lang='lat' dir='ltr'>the</span> 
     </span>
     <span class='ocr_line' id='line_1_40' title="bbox 285 4297 1386 4372; baseline 0.005 -16"><span class='ocrx_word' id='word_1_359' title='bbox 285 4300 427 4372; x_wconf 83' lang='lat' dir='ltr'>objectos</span> <span class='ocrx_word' id='word_1_360' title='bbox 445 4297 556 4353; x_wconf 81' lang='lat' dir='ltr'>which&#39;</span> <span class='ocrx_word' id='word_1_361' title='bbox 548 4316 571 4353; x_wconf 81' lang='lat' dir='ltr'>rs</span> <span class='ocrx_word' id='word_1_362' title='bbox 589 4304 620 4354; x_wconf 89' lang='lat' dir='ltr'>to</span> <span class='ocrx_word' id='word_1_363' title='bbox 638 4300 720 4355; x_wconf 85' lang='lat' dir='ltr'>make</span> <span class='ocrx_word' id='word_1_364' title='bbox 737 4318 754 4354; x_wconf 89' lang='lat' dir='ltr'>a</span> <span class='ocrx_word' id='word_1_365' title='bbox 771 4302 864 4357; x_wconf 89' lang='lat' dir='ltr'>better</span> <span class='ocrx_word' id='word_1_366' title='bbox 882 4319 948 4356; x_wconf 87' lang='lat' dir='ltr'>man</span> <span class='ocrx_word' id='word_1_367' title='bbox 970 4303 1003 4357; x_wconf 86' lang='lat' dir='ltr'>of</span> <span class='ocrx_word' id='word_1_368' title='bbox 1021 4303 1070 4358; x_wconf 89' lang='lat' dir='ltr'>the</span> <span class='ocrx_word' id='word_1_369' title='bbox 1085 4303 1221 4358; x_wconf 85' lang='lat' dir='ltr'>offendor.</span> <span class='ocrx_word' id='word_1_370' title='bbox 1276 4304 1334 4358; x_wconf 84' lang='lat' dir='ltr'>For</span> <span class='ocrx_word' id='word_1_371' title='bbox 1353 4323 1386 4362; x_wconf 87' lang='lat' dir='ltr'>as</span> 
     </span>
     <span class='ocr_line' id='line_1_41' title="bbox 284 4383 1386 4462; baseline 0.007 -22"><span class='ocrx_word' id='word_1_372' title='bbox 284 4385 419 4458; x_wconf 85' lang='lat' dir='ltr'>repeated</span> <span class='ocrx_word' id='word_1_373' title='bbox 432 4391 491 4438; x_wconf 85' lang='lat' dir='ltr'>acts</span> <span class='ocrx_word' id='word_1_374' title='bbox 506 4383 590 4454; x_wconf 88' lang='lat' dir='ltr'>beget</span> <span class='ocrx_word' id='word_1_375' title='bbox 604 4384 704 4448; x_wconf 90' lang='lat' dir='ltr'>habits,</span> <span class='ocrx_word' id='word_1_376' title='bbox 719 4387 793 4442; x_wconf 72' lang='lat' dir='ltr'>vices</span> <span class='ocrx_word' id='word_1_377' title='bbox 811 4405 859 4443; x_wconf 88' lang='lat' dir='ltr'>are</span> <span class='ocrx_word' id='word_1_378' title='bbox 871 4394 901 4443; x_wconf 89' lang='lat' dir='ltr'>to</span> <span class='ocrx_word' id='word_1_379' title='bbox 920 4388 955 4444; x_wconf 88' lang='lat' dir='ltr'>be</span> <span class='ocrx_word' id='word_1_380' title='bbox 973 4389 1060 4444; x_wconf 90' lang='lat' dir='ltr'>cured</span> <span class='ocrx_word' id='word_1_381' title='bbox 1073 4391 1112 4462; x_wconf 75' lang='lat' dir='ltr'>by</span> <span class='ocrx_word' id='word_1_382' title='bbox 1129 4390 1226 4459; x_wconf 83' lang='lat' dir='ltr'>taking</span> <span class='ocrx_word' id='word_1_383' title='bbox 1244 4405 1322 4461; x_wconf 80' lang='lat' dir='ltr'>away</span> <span class='ocrx_word' id='word_1_384' title='bbox 1334 4391 1386 4448; x_wconf 85' lang='lat' dir='ltr'>the</span> 
     </span>
     <span class='ocr_line' id='line_1_42' title="bbox 283 4468 1385 4548; baseline 0.01 -24"><span class='ocrx_word' id='word_1_385' title='bbox 283 4471 414 4543; x_wconf 86' lang='lat' dir='ltr'>pleasuro</span> <span class='ocrx_word' id='word_1_386' title='bbox 428 4468 516 4523; x_wconf 86' lang='lat' dir='ltr'>which</span> <span class='ocrx_word' id='word_1_387' title='bbox 531 4469 598 4544; x_wconf 76' lang='lat' dir='ltr'>they</span> <span class='ocrx_word' id='word_1_388' title='bbox 612 4471 703 4543; x_wconf 85' lang='lat' dir='ltr'>bring,</span> <span class='ocrx_word' id='word_1_389' title='bbox 717 4473 773 4526; x_wconf 90' lang='lat' dir='ltr'>and</span> <span class='ocrx_word' id='word_1_390' title='bbox 784 4475 898 4547; x_wconf 86' lang='lat' dir='ltr'>putting</span> <span class='ocrx_word' id='word_1_391' title='bbox 911 4476 978 4548; x_wconf 92' lang='lat' dir='ltr'>pain</span> <span class='ocrx_word' id='word_1_392' title='bbox 993 4475 1038 4530; x_wconf 90' lang='lat' dir='ltr'>for</span> <span class='ocrx_word' id='word_1_393' title='bbox 1056 4475 1131 4531; x_wconf 90' lang='lat' dir='ltr'>their</span> <span class='ocrx_word' id='word_1_394' title='bbox 1148 4480 1304 4531; x_wconf 84' lang='lat' dir='ltr'>sweetness.</span> <span class='ocrx_word' id='word_1_395' title='bbox 1344 4478 1385 4535; x_wconf 82' lang='lat' dir='ltr'>So</span> 
     </span>
    </p>
   </div>
   <div class='ocr_carea' id='block_1_12' title="bbox 0 0 1504 5062">
    <p class='ocr_par' dir='ltr' id='par_1_14' title="bbox 0 0 1504 5062">
     <span class='ocr_line' id='line_1_43' title="bbox 0 0 1504 5062; baseline 0 6"><span class='ocrx_word' id='word_1_396' title='bbox 0 0 1504 5062; x_wconf 95' lang='lat' dir='ltr'> </span> 
     </span>
    </p>
   </div>
  </div>
 </body>
</html>
