3000 5062
145 321 215 378 Car.
229 317 342 391 XXII]
486 322 539 377 Dii
563 321 698 377 CAUSIS
720 322 905 379 INJUSTIS.
1186 312 1249 374 389

148 485 230 553 enim
259 487 347 553 navis
374 486 479 574 aliqua
504 488 546 554 ad
578 510 647 555 eam
679 487 924 577 magnitudinem
949 466 1117 574 pervenire
1145 492 1251 573 potest

149 609 220 672 quoe
237 587 307 676 regi
332 596 476 674 nequeat,
497 587 541 654 sic
560 598 593 653 et
616 587 775 652 hominum
799 608 947 652 numerus
970 594 1003 652 et
1026 585 1163 651 locorum
1187 584 1250 650 dis·

149 686 249 752 tantia
265 695 355 752 tanta
371 707 448 767 esse,
467 695 503 753 ut
519 709 615 753 unum
632 685 773 774 regimen
790 709 852 751 non
868 686 960 751 ferat.

225 787 246 851 2
282 784 406 851 Deinde
432 808 508 852 vero
534 808 677 852 concesso
699 786 759 850 hoc
781 781 975 872 expedire,
961 805 1014 870 yus
1038 782 1160 870 imperii
1184 802 1311 889 mugi,
1321 802 1401 899 {apem

150 884 300 971 sequitur,
317 895 353 952 ut
370 885 501 971 quod
471 884 529 951 nusi
548 907 588 951 ex
604 906 754 950 consensu
771 893 827 950 aut
843 905 935 971 poena
950 882 1035 948 nasci
1052 883 1169 969 nequit.
1196 883 1275 979 hlec
1259 894 1290 933 ²¹·
1277 940 1396 980 mm

149 983 182 1048 in
199 984 302 1051 omnia
325 984 459 1071 quidem,
484 1006 555 1071 quae
578 984 650 1049 olim
671 984 760 1049 fuere
779 983 885 1097 populi
908 981 1052 1059 Romani,
1073 983 1247 1068 imperator
1258 987 1377 1027 “mi

149 1084 341 1149 Romanus
328 1106 381 1170 yus
402 1105 485 1149 nunc
510 1083 625 1150 habet.
651 1083 750 1148 multa
775 1083 856 1148 enim
881 1091 919 1148 nt
945 1081 1026 1147 bello
1052 1081 1185 1168 quoesita
1201 1080 1247 1147 ita

150 1182 231 1249 bello
248 1182 361 1248 amissa
380 1191 470 1262 sunt;
494 1182 556 1248 alia
578 1181 780 1269 pactionibus,
803 1180 865 1246 alia
886 1179 1085 1247 derelictione
1102 1181 1155 1245 ‘¹in
1171 1181 1246 1247 alia-

149 1303 219 1347 rum
246 1282 386 1371 gentium
412 1290 469 1348 aut
499 1303 612 1370 regum
636 1281 689 1367 jus
719 1280 919 1347 transierunt.
970 1281 1123 1359 Quaedam
1152 1280 1246 1346 etiam

149 1381 290 1448 civitates
305 1381 377 1447 olim
394 1381 488 1469 plane
504 1381 647 1457 subdita,
668 1388 777 1467 postea
795 1387 917 1446 tantum
934 1402 974 1446 ex
994 1388 1085 1467 parte
1102 1379 1245 1457 subditae,

148 1489 204 1547 aut
220 1490 341 1548 tantum
358 1480 555 1567 inaequaliter
570 1479 722 1546 lederatae
738 1502 805 1546 csse
822 1488 994 1567 coeperunt.
1044 1480 1127 1544 Nam
1142 1500 1248 1544 omnes

147 1581 181 1645 hi
198 1582 282 1647 modi
303 1589 360 1647 aut
375 1579 548 1657 amittendi,
565 1587 621 1645 aut
637 1579 778 1645 mutandi
789 1578 879 1664 juris,
896 1600 959 1643 non
981 1577 1082 1642 minus
1096 1578 1248 1643 adversue

148 1680 239 1744 Rom.
259 1682 495 1766 Imperatorem,
512 1701 605 1766 quam
623 1679 773 1744 adversum
789 1677 866 1742 alios
883 1676 998 1744 valent.

225 1779 315 1849 XIV.
361 1780 381 1842 1
419 1779 482 1844 Sed
510 1786 543 1844 et
573 1777 719 1843 Ecclesiae
742 1774 795 1862 jus
823 1776 950 1841 fuerunt
980 1774 1034 1861 qui
1066 1775 1248 1842 adsererent
1259 1783 1411 1879 fflfffi

148 1876 244 1943 etiam
276 1876 310 1942 in
342 1878 490 1964 ⁰populos
520 1876 636 1967 ignota
671 1877 820 1941 hactenns
849 1875 947 1961 partis
978 1882 1144 1952 terrarum,
1177 1895 1246 1940 cum
1260 1876 1384 1961 33¹5·st

147 1984 252 2042 tamen
283 1975 349 2063 ipse
374 1977 490 2042 Paulus
516 1976 673 2064 apostolus
706 1983 816 2063 aperte
843 1974 958 2040 dixerit
989 1995 1043 2039 cos
1073 1973 1127 2060 qui
1158 1982 1250 2040 extra

145 2181 200 2214 rom
210 2167 346 2214 referuntur
356 2168 386 2215 de
391 2167 559 2228 Hierosolyma
564 2168 589 2214 in
596 2167 675 2214 medio
722 2167 768 2214 col.
778 2169 801 2212 2.
814 2166 912 2213 cedde
921 2181 1011 2212 summa
1022 2165 1146 2213 Trinitote.
1163 2168 1249 2214 hicno-

147 2241 229 2288 uene
239 2242 293 2289 sita.
322 2241 350 2288 J.
363 2240 407 2303 B.]
723 2242 1066 2295 chiumcons.11,nnm.102.
1098 2243 1249 2290 cardinalem

192 2316 252 2362 rId
270 2320 305 2362 ert
322 2317 347 2361 in
366 2316 442 2362 medio
462 2314 567 2375 Jndoeoe]
588 2315 673 2361 Discus
724 2317 845 2363 Tuschum
880 2317 1038 2377 practicarum
1069 2317 1249 2364 conclusionum

145 2390 193 2436 hoc
208 2405 237 2437 ex
252 2391 353 2450 Josephi
369 2389 422 2437 Lib.
436 2403 476 2436 ιιι.
490 2390 556 2437 Belli
570 2389 674 2436 Iudaici
722 2393 775 2439 345.
795 2391 809 2451 ξ
830 2406 872 2437 rex
900 2392 1029 2451 Hispaniae.
1061 2392 1199 2438 Molinmum
1224 2393 1249 2438 in

146 2464 380 2527 (oap.3.§d.diois.
393 2465 520 2524 Hudron.)
722 2480 788 2514 cons.
805 2466 879 2513 Paris.
896 2466 920 2511 in
937 2480 973 2526 pr.
994 2480 1060 2512 num.
1077 2469 1115 2514 20.
1147 2466 1250 2513 Charra-

189 2545 247 2590 oIn
261 2543 366 2590 aliarum
380 2544 482 2605 gentium
492 2545 535 2589 aar
544 2540 673 2602 requmy'uc
722 2556 801 2587 naenm
816 2540 845 2587 de
854 2541 935 2602 gioria
945 2541 1034 2587 Mundi
1044 2546 1113 2602 parte
1124 2556 1146 2589 v.
1158 2541 1250 2589 consid.

145 2618 301 2679 trumierunt]
322 2620 466 2681 Exemplum
483 2631 551 2665 sume
569 2617 594 2662 ln
616 2617 673 2662 ilia·
722 2619 760 2664 28.
792 2617 906 2664 Asorium
922 2617 1099 2663 Imitationem
1115 2616 1250 2662 Moralium

145 2696 224 2754 pauiu,
234 2696 264 2743 de
274 2710 322 2755 qna
331 2696 385 2742 ride
398 2695 538 2743 Gomesium
552 2693 577 2738 in
592 2691 606 2753 ξ
621 2694 674 2738 iue-
721 2692 775 2739 Lib.
787 2705 815 2739 ιι.
828 2706 848 2739 c.
859 2694 882 2739 ὅ.
892 2706 918 2752 p.
929 2694 952 2738 2.

146 2775 195 2817 rat:
207 2785 272 2816 num.
284 2773 306 2818 ὃ.
319 2770 347 2816 de
358 2771 505 2818 dationibus.
521 2767 672 2815 Panormita·
767 2768 778 2796 ⁰
793 2769 883 2816 Conier
897 2768 950 2815 heic
965 2782 1026 2828 opus
1041 2767 1155 2815 Auctoris
1174 2767 1251 2815 nostri

145 2847 239 2890 numin
254 2859 275 2891 c.
286 2846 444 2891 venerabilem
456 2845 502 2889 col.
517 2844 540 2891 9.
557 2842 586 2887 de
601 2842 672 2888 Elec·
722 2842 762 2889 De
787 2844 890 2903 Imperio
923 2843 1072 2889 Summarum
1104 2844 1251 2891 Poeniceum

146 2919 217 2965 tiene.
241 2919 417 2965 Jaconenini,
427 2923 527 2966 cunctor
536 2917 646 2976 populos,
658 2929 676 2962 1.
722 2917 789 2962 cirea
801 2916 992 2975 Saern,ccp.iv.
1022 2917 1049 2963 J.
1060 2917 1093 2962 Β.

147 3166 197 3227 the
208 3166 329 3222 number
343 3162 377 3220 oi
390 3163 513 3234 subjecte
528 3161 584 3215 and
605 3161 655 3217 tho
670 3161 796 3215 distance
814 3159 848 3215 oi
862 3158 957 3231 places
970 3175 1035 3231 may
1056 3158 1094 3215 be
1115 3177 1147 3217 eo
1168 3168 1249 3232 great

147 3257 210 3310 that
221 3254 289 3325 they
300 3256 404 3306 cannot
417 3249 521 3304 cubeist
535 3247 626 3302 under
640 3263 694 3302 one
708 3251 900 3316 govemmcnt.

202 3347 220 3395 2
242 3341 300 3393 But
311 3353 381 3392 even
393 3335 419 3389 ii
427 3351 468 3389 wo
481 3340 564 3405 grant
576 3332 639 3387 that
653 3331 721 3387 euch
736 3348 755 3385 a
765 3337 949 3402 gorernment
960 3330 984 3385 is
995 3331 1153 3402 expedient,
1167 3332 1249 3390 there

148 3429 216 3484 doee
230 3431 281 3480 not
295 3424 389 3478 follow
404 3438 459 3493 any
470 3419 547 3490 right
559 3417 593 3473 oi
602 3418 719 3489 empire,
729 3417 774 3472 ior
789 3417 851 3472 that
863 3434 915 3471 can
930 3418 1002 3471 arise
1014 3418 1080 3489 only
1094 3416 1169 3471 from
1182 3436 1249 3474 con.

148 3522 211 3570 sent
226 3527 259 3566 or
272 3511 347 3565 from
361 3507 550 3580 punishment.
596 3503 657 3559 The
679 3504 790 3558 Roman
813 3519 943 3575 emperor
963 3502 1014 3557 has
1036 3509 1087 3558 not
1108 3519 1170 3558 now
1192 3521 1249 3579 any

148 3600 224 3671 right
236 3613 303 3652 over
314 3611 385 3651 even
396 3594 434 3648 all
448 3592 529 3647 those
541 3590 633 3663 places
646 3589 736 3645 which
744 3606 817 3646 were
829 3589 962 3662 formerly
974 3590 1064 3645 under
1076 3588 1125 3645 the
1136 3591 1248 3648 Roman

147 3685 266 3758 people;
290 3683 336 3737 ior
350 3697 434 3752 many
449 3680 483 3734 of
501 3679 589 3742 thece,
603 3694 634 3732 as
648 3678 717 3748 they
731 3694 804 3732 wore
825 3694 888 3732 won
909 3677 947 3749 by
961 3694 1026 3741 war,
1040 3694 1072 3733 eo
1086 3677 1157 3732 have
1180 3677 1249 3752 they

148 3772 221 3827 been
235 3771 291 3826 lost
302 3769 340 3842 by
354 3785 426 3832 war3
447 3783 525 3821 some
537 3764 608 3820 hare
623 3763 723 3835 passed
735 3763 773 3834 by
787 3769 939 3835 compacte,
950 3763 1006 3817 and
1022 3780 1099 3819 sorno
1114 3764 1152 3836 by
1167 3764 1248 3849 dere·

147 3858 254 3920 liction,
270 3856 360 3909 under
373 3853 423 3908 the
438 3851 582 3922 authority
602 3851 635 3904 οἰ
646 3850 729 3905 other
742 3851 853 3904 natione
867 3865 900 3903 or
917 3850 1007 3918 kings.
1052 3849 1151 3918 Again,
1170 3865 1248 3906 some

148 3944 236 4005 citiee,
254 3939 387 4010 formerly
404 3938 525 4008 entirely
543 3936 659 4005 subject,
679 3935 750 3988 haro
770 3935 847 3988 since
869 3933 986 3987 become
1009 3933 1119 4002 subject
1135 3933 1165 3984 in
1183 3941 1248 4003 part

147 4029 223 4100 only,
238 4042 271 4080 or
287 4026 358 4079 have
373 4024 489 4079 become
508 4020 614 4091 merely
627 4019 755 4073 federate
770 4026 847 4089 parts
862 4018 896 4072 of
910 4017 959 4071 the
975 4018 1091 4087 empire.
1137 4018 1194 4071 For
1208 4018 1248 4073 aii

148 4114 228 4169 these
242 4128 316 4181 ways
333 4108 424 4164 either
444 4108 477 4161 of
495 4106 593 4174 lesing,
612 4120 644 4157 or
660 4104 693 4157 of
711 4102 849 4173 changing
869 4101 918 4155 tho
933 4101 1021 4172 rights
1040 4102 1073 4156 of
1087 4102 1185 4167 rulers,
1199 4121 1248 4160 are

147 4199 222 4254 valid
235 4197 345 4267 against
359 4193 408 4247 tho
423 4194 535 4246 Roman
550 4191 695 4259 Emperor,
708 4205 738 4242 as
750 4188 860 4258 against
871 4203 927 4257 any
939 4186 1021 4241 other
1032 4195 1125 4260 party.

201 4282 283 4338 XIV.
306 4287 321 4334 1
337 4279 429 4333 There
443 4276 515 4330 hore
529 4274 588 4328 also
603 4274 675 4328 boen
687 4289 802 4344 persons
815 4272 876 4327 who
890 4271 962 4327 have
974 4274 1098 4327 asserted
1110 4272 1159 4328 the
1171 4274 1247 4346 right

148 4371 181 4426 of
189 4369 238 4425 tho
252 4365 372 4430 Charch,
383 4381 453 4420 even
463 4378 529 4419 orer
539 4360 589 4415 the
597 4359 712 4431 peoples
721 4358 783 4413 who
795 4375 901 4431 occupy
909 4358 958 4413 the
969 4357 1094 4415 hitherto
1106 4360 1247 4417 unknown

145 4462 224 4530 parts
244 4453 278 4508 oi
292 4452 341 4508 the
359 4449 451 4507 carth.
495 4445 559 4502 And
576 4453 625 4520 yet
643 4445 678 4501 st
691 4446 763 4500 Paul
778 4445 884 4519 plainly
900 4462 972 4519 says,
987 4445 1050 4502 that
1063 4445 1100 4503 ho
1115 4445 1182 4503 does
1196 4453 1248 4504 not
