3000 5062
142 309 209 362 cn.
225 302 323 375 xlx]
467 309 520 361 nu
542 308 640 362 sunu
665 308 917 363 esruurunm,
1180 300 1242 360 223

140 469 230 558 peliri
248 467 406 542 vetabant,
420 465 587 552 impietatis
599 476 724 533 accinat
739 468 875 555 Optatus
892 468 1102 535 Milevitanus.
1149 468 1242 555 Apud
1255 495 1302 544 ορι
1311 496 1338 533 vu

140 566 306 655 Papinium
323 568 440 650 (Theb.
458 586 516 631 xn.
537 567 634 650 165):

486 683 567 738 Bello
582 685 723 754 cogendus
737 690 767 740 et
781 688 866 740 armis

401 769 435 823 In
450 785 542 824 mores
556 768 755 841 hominemque
768 772 867 826 Creon

143 868 328 955 Spartianus
348 866 427 933 tales
448 868 494 933 ait
516 889 584 932 esse
605 867 671 933 sine
692 867 893 935 humanitatis
914 869 1110 936 reverentia:
1136 871 1320 975 Liviusgfm
1334 893 1383 975 rap

142 967 292 1034 saevitiam
318 974 409 1031 vocat
434 967 518 1032 ultra
542 966 748 1031 humanarum
775 967 893 1032 irarum
919 968 1020 1035 fidem.
1068 948 1390 1038 eH0m0ffl,uii‘¹iii·a

143 1066 267 1131 dixerat
283 1061 395 1133 ἀεικέα
413 1059 510 1158 ἔργα.
551 1066 670 1129 Eorum
687 1065 741 1151 qui
756 1088 1018 1153 supervacaneam
1040 1068 1179 1136 iacerent
1195 1093 1242 1136 se·

142 1164 310 1252 pulturam,
336 1164 516 1229 Lactantius
540 1156 677 1249 impiam
690 1174 781 1230 vocat
801 1165 992 1252 sapientiam.
1037 1168 1178 1234 Eandem
1202 1170 1333 1235 chub-u·
1346 1184 1375 1223 12

143 1285 265 1328 causam
283 1261 395 1348 impius
410 1263 553 1328 Eteocles
567 1262 706 1349 Papinio.

217 1361 264 1425 ΙΙ.
301 1365 320 1425 l
353 1362 432 1438 Quae
444 1360 578 1448 primum
595 1382 688 1427 causa
704 1360 799 1426 moris
813 1362 905 1448 hujus
919 1363 1133 1429 introducendi
1149 1338 1313 1431 sueritv'ffl

141 1469 179 1525 ut
212 1481 344 1546 corpora
377 1459 471 1525 humo
496 1468 689 1548 tegerentur,
722 1461 787 1526 sive
817 1461 940 1526 condita
967 1464 1063 1549 prius,
1090 1473 1126 1529 ut
1158 1466 1243 1550 apud

143 1559 324 1646 AEgyptios,
337 1557 403 1623 eive
415 1568 562 1634 cremata,
575 1567 611 1623 ut
625 1559 709 1645 apud
728 1560 854 1626 Graecos
869 1559 1043 1647 plerosque,
1057 1562 1123 1627 sive
1138 1562 1183 1628 ita
1197 1562 1242 1628 uti
1256 1576 1385 1661 imit,

143 1667 225 1732 sunt,
246 1678 338 1742 quem
359 1678 476 1722 morem
500 1678 566 1722 esse
586 1658 830 1743 antiquissimum
853 1660 974 1724 notavit
989 1661 1098 1725 Cicero
1121 1669 1154 1726 et
1174 1670 1244 1747 post
1256 1649 1337 1761 yffi
1349 1712 1407 1750 ,m

144 1777 214 1819 eum
231 1748 373 1834 ‘Plinius
390 1755 430 1821 dc
445 1778 482 1820 co
497 1778 559 1820 non
569 1755 651 1821 idem
667 1756 808 1822 omuibus
821 1756 953 1823 uidetur.
987 1758 1070 1823 Nam
1083 1759 1244 1823 Moschion
1337 1740 1342 1750 ⁸

144 1853 300 1919 existimat
329 1854 517 1919 occasionem
543 1853 650 1919 datam
675 1877 715 1920 ex
746 1855 896 1943 gigantea
923 1854 1049 1921 feritate
1078 1858 1245 1923 mandendi

144 1951 293 2029 homines,
309 1953 396 2039 cujus
411 1952 536 2018 abolitae
553 1953 675 2041 siguum
692 1956 904 2040 sepulturam
923 1954 969 2019 ita
984 1954 1065 2019 enim
1081 1954 1145 2021 ait:
1256 1968 1396 2061 wippa
1478 1940 1481 1945 Α

361 2071 442 2125 'l'unc
456 2076 548 2125 morte
563 2078 659 2142 raptos
672 2072 840 2142 imperatum
856 2072 964 2143 legibus
1257 2060 1401 2187 &hiim

360 2156 498 2210 Mandsre
512 2163 603 2219 terrae,
618 2158 796 2228 pulvcromve
811 2159 972 2228 inspergere
1256 2150 1374 2245 sufiifiv'

360 2242 492 2295 Necdum
507 2242 632 2312 sepultis,
646 2259 682 2296 ne
697 2243 832 2296 darentur
846 2243 969 2315 conspici

360 2325 558 2381 Abominauda
572 2329 651 2398 sigua
665 2334 761 2399 pastus
776 2328 895 2399 pristini.

222 2434 242 2496 2
276 2430 354 2495 Aliis
374 2432 519 2498 videntur
541 2433 600 2497 hoc
626 2434 717 2499 modo
734 2434 873 2499 homines
892 2432 976 2500 velut
995 2442 1104 2520 sponte
1120 2433 1247 2500 soluisse

145 2529 294 2610 debitum,
323 2531 407 2616 quod
428 2530 544 2617 alioqui
570 2530 620 2597 uel
647 2532 689 2597 ab
717 2532 822 2599 invitis
849 2533 966 2621 repetit
987 2543 1109 2599 natura.
1163 2534 1246 2598 Nam

188 2704 201 2733 ⁴
216 2704 308 2750 Nullibi
322 2705 347 2749 in
359 2704 475 2751 Oratione
491 2705 624 2763 Ciceronis,
641 2707 673 2751 ed
718 2720 853 2767 pauperum
863 2708 992 2767 sepultura.

145 2792 217 2839 qnam
227 2779 330 2824 remittit
338 2792 431 2837 margo,
440 2779 560 2839 reperitur
570 2795 616 2825 vox
627 2780 672 2825 ha·
767 2782 912 2827 ‘Ilomerus
939 2780 1035 2828 dixerat
1059 2779 1143 2828 ἀεικέα
1169 2779 1246 2841 ἔργα]

144 2853 273 2909 munitatis,
281 2854 330 2913 juri
341 2854 471 2912 sepulturae
481 2854 670 2900 adcommodata.
722 2856 789 2901 ldern
804 2856 900 2902 Iliados
913 2856 934 2901 o'
949 2857 1034 2904 Jossm
1045 2861 1070 2903 et
1080 2856 1146 2902 Deos
1157 2856 1247 2903 Achilli

146 2928 272 2987 Originem
291 2927 385 2982 erroris,
401 2926 425 2971 in
443 2926 489 2972 hoc
504 2932 530 2974 et
546 2928 599 2974 aliis
613 2928 673 2973 locis
721 2932 795 2976 iratos
815 2932 888 2977 luisse
907 2932 973 2989 dicit,
991 2933 1022 2977 ob
1039 2932 1102 2977 mals
1117 2936 1247 2978 tractatum

145 3002 255 3057 laudatis,
273 3001 402 3047 ostendent
418 3002 489 3047 Notae
506 3008 595 3047 uostroe
613 3002 673 3047 Gal·
721 3016 808 3061 comus
829 3004 949 3061 lieetoris,
972 3004 1045 3065 [vers.
1066 3008 1118 3061 113,
1136 3010 1159 3051 st
1183 3020 1246 3065 sopp.

145 3076 212 3123 liemz
227 3077 311 3122 harum
327 3077 390 3122 eninr
407 3077 493 3121 medus
507 3090 555 3121 non
573 3076 673 3135 potitum,
721 3078 801 3123 Locus
816 3084 897 3122 autern
912 3079 937 3122 in
953 3084 1068 3124 contextu
1082 3079 1194 3125 laudatus
1211 3088 1249 3126 est

144 3150 530 3209 utomniadiesmus,proesertim
546 3150 571 3193 in
586 3149 673 3195 istest
721 3151 1116 3199 lituaxxrrcanotxxurac.
1147 3154 1228 3213 J.B.]

145 3222 563 3284 praecedeuticapite‚quteomnium
571 3222 673 3268 maxims
769 3223 898 3283 sPItm’us]
920 3224 1035 3269 Historia
1051 3224 1182 3270 Naturalis
1200 3238 1248 3274 vn.

144 3298 233 3345 talibus
242 3298 382 3356 ἀβλεψίαις
392 3300 492 3341 scatent.
522 3297 549 3342 J.
562 3295 594 3343 B.
722 3300 760 3343 hl.
777 3298 818 3342 uhi
838 3304 864 3343 et
883 3298 944 3343 hoe:
973 3298 1085 3357 Sepultus
1109 3299 1250 3359 iutettiqttar

189 3368 368 3427 tzactanttns]
385 3368 497 3427 Cujuset
511 3370 557 3415 hoc
570 3369 672 3414 estLih.
722 3386 815 3431 qaoque
830 3372 898 3417 motu
914 3372 1039 3420 enatae:
1062 3374 1171 3419 tumeas
1187 3390 1249 3432 suro,

146 3460 183 3492 vr.
200 3460 222 3491 e.
233 3448 271 3490 12.
305 3444 419 3490 littimam
434 3443 497 3489 illud
510 3449 532 3490 et
546 3444 673 3489 marimum
723 3445 792 3491 itum
802 3450 924 3493 costuma.

142 3520 243 3581 pietatis
265 3519 369 3581 officium
394 3522 435 3575 est,
451 3519 632 3578 pereprisoram
651 3523 674 3564 et

145 3770 201 3824 tice
215 3769 249 3824 of
257 3769 378 3842 burying
389 3768 502 3833 bodies;
518 3768 610 3823 either
624 3770 685 3824 fluet
701 3770 873 3840 embalming
886 3769 974 3833 them,
984 3786 1015 3825 as
1029 3769 1079 3825 the
1093 3771 1248 3843 Egyptians

146 3854 210 3919 did3
228 3856 391 3925 orbuming
401 3854 488 3919 them,
502 3871 532 3909 as
542 3871 645 3926 among
656 3854 706 3910 the
714 3856 822 3910 Greeks
833 3856 951 3926 mostly;
969 3872 1002 3909 or
1016 3855 1134 3910 without
1148 3874 1249 3927 prepa-

146 3939 247 3999 ration,
262 3939 353 3993 which
372 3941 469 3994 Oicero
482 3947 563 3995 notes
578 3956 608 3994 as
621 3940 670 3994 the
688 3940 780 3994 oldest
796 3940 928 4011 practice,
966 3940 1113 3993 Moschion
1128 3940 1250 4009 thought

146 4021 196 4077 the
209 4030 317 4078 custom
329 4025 464 4079 intended
478 4029 509 4079 to
523 4024 560 4079 be
573 4041 591 4078 a
603 4024 748 4079 memorial
763 4023 797 4078 os
807 4022 856 4077 the
871 4023 1007 4077 sbolition
1021 4023 1054 4077 of
1067 4023 1115 4077 the
1126 4025 1250 4093 practice

147 4108 181 4162 of
190 4110 285 4179 eating
298 4108 404 4162 human
415 4109 523 4164 bodies.
551 4103 641 4179 [See]

201 4199 218 4246 2
237 4192 340 4247 Others
352 4195 452 4263 regard
464 4195 488 4248 it
499 4212 529 4249 as
541 4211 559 4248 a
567 4195 672 4263 willing
683 4197 818 4265 payment
830 4191 863 4246 of
871 4208 889 4245 a
899 4191 968 4247 debt
978 4197 1009 4245 to
1020 4192 1140 4256 Nature,
1152 4191 1250 4259 which,

146 4278 173 4331 if
189 4283 239 4332 not
260 4279 353 4349 given,
369 4278 419 4332 she
433 4279 489 4333 will
501 4280 574 4334 take.
620 4278 696 4333 that
712 4294 779 4331 man
797 4278 820 4331 is
836 4277 918 4330 made
932 4277 1007 4331 from
1021 4276 1111 4341 earth,
1128 4294 1184 4332 was
1199 4286 1251 4333 not

147 4364 213 4435 only
225 4364 285 4418 told
300 4370 329 4417 to
345 4363 437 4417 Adam
450 4364 488 4435 by
503 4365 576 4420 God.
616 4364 714 4418 Cicero
726 4362 786 4417 also
798 4368 897 4433 quotes
908 4362 983 4417 from
992 4362 1150 4433 Euripides,
1159 4364 1251 4417 Barth

147 4460 173 4505 to
187 4451 280 4510 carth,·
299 4448 398 4504 andiu
411 4450 487 4505 llccl.
499 4450 546 4505 xii.
561 4454 587 4516 7,
604 4466 646 4505 we
658 4448 736 4515 read,
753 4448 826 4504 Thea
839 4448 910 4503 shall
927 4449 968 4505 the
980 4449 1043 4504 duct
1060 4458 1155 4505 return
1170 4458 1195 4505 to
1210 4449 1251 4505 cto
