3000 5062
105 318 174 372 css.
189 315 272 387 xxj
545 321 597 373 nn
620 321 758 374 neurus
1146 309 1207 370 243

104 512 251 579 processu
273 499 375 559 atoto
391 491 433 558 ad
456 499 578 579 partem
598 492 726 580 proprie
743 490 920 568 consistere,
944 489 999 557 sed
1014 488 1049 580 in
1062 489 1209 556 habenda

104 590 227 656 ratione
244 590 310 678 ejus
326 591 516 679 aptitudinis,
544 614 615 678 ques
628 591 681 679 jus
701 591 808 657 stricte
825 590 940 656 dictum
954 590 986 655 in
1008 612 1043 655 se
1058 612 1121 655 non
1138 611 1208 654 con-

105 690 214 767 tineat,
240 691 295 756 sed
312 691 501 758 occasionem
519 691 548 757 ei
564 692 630 759 det.
673 693 858 777 Quanquam
875 713 949 756 vcro
966 689 1064 777 isqui
1081 689 1208 777 punitur

104 797 198 877 aptus
222 798 278 856 aut
300 791 414 880 dignus
430 813 498 857 esse
523 791 618 857 dehet
634 791 746 879 puniri,
772 813 834 855 non
852 812 888 855 eo
912 799 1016 856 tamen
1032 790 1065 855 id
1088 796 1209 876 spectat

105 898 143 954 ut
158 888 217 975 ipsi
233 891 361 956 accedat
376 890 503 976 aliquid,
522 891 605 977 quod
622 890 809 978 assignatrix
823 889 946 977 justitia
960 889 1105 976 postulat.
1141 890 1172 952 N
1174 911 1208 954 eo

105 996 211 1053 tamen
236 989 290 1074 qui
315 989 514 1076 expiatricem
535 990 699 1077 justitiam,
717 1011 809 1075 quam
828 989 922 1077 vulgo
944 987 1207 1054 commutatricem

106 1096 229 1165 vocant,
255 1088 288 1153 in
314 1089 412 1175 poenis
443 1089 581 1154 exerceri
603 1088 722 1163 volunt,
749 1089 849 1176 magis
881 1111 915 1154 se
942 1088 1106 1174 explicant.
1158 1090 1208 1152 Ita

106 1185 188 1251 enim
203 1188 362 1276 negotium
379 1189 438 1254 hoo
454 1188 659 1265 considerant,
673 1187 761 1274 quasi
777 1187 899 1253 nocenti
912 1188 1029 1274 aliquid
1046 1187 1206 1264 reddatur,

105 1285 185 1352 sicut
199 1285 232 1351 in
249 1288 457 1354 contractibus
477 1288 544 1353 fieri
561 1288 648 1353 solet.
703 1287 836 1374 Decepit
853 1310 904 1352 eos
928 1287 1066 1375 vulgaris
1084 1287 1206 1363 locutio,

106 1405 169 1469 qua
198 1385 326 1452 dicimus
350 1409 473 1474 poenam
496 1387 604 1453 deberi
633 1387 663 1453 ei
686 1387 740 1474 qui
765 1386 903 1473 deliquit,
930 1387 1013 1472 quod
1039 1386 1131 1473 plane
1160 1395 1208 1452 est

104 1477 240 1578 ἅκυρονε
263 1509 336 1551 nam
360 1487 408 1551 cui
438 1486 564 1574 proprie
589 1486 721 1552 debetur
747 1486 873 1572 aliquid,
897 1486 924 1552 ie
948 1487 982 1551 in
1002 1485 1168 1571 alterumj

104 1582 209 1651 habet.
261 1585 325 1652 Sed
345 1608 414 1651 cum
430 1585 538 1651 deberi
557 1585 648 1651 alicui
664 1608 786 1672 pmnam
809 1585 946 1666 dicimus,
972 1585 1050 1651 nihil
1067 1585 1208 1652 volumus

104 1681 188 1749 aliud
203 1706 296 1769 qnam
315 1708 437 1772 aquam
454 1707 521 1750 esse
538 1694 573 1751 ιιι
590 1685 746 1773 puniatur.

182 1785 203 1848 3
235 1785 355 1850 Verum
380 1794 485 1850 tamen
507 1792 555 1850 est
579 1784 612 1849 in
633 1784 731 1871 peanis
756 1785 857 1873 primo
875 1806 912 1850 ac
934 1806 991 1872 per
1011 1806 1045 1848 se
1068 1781 1208 1849 exerceri

106 1881 306 1968 expiatricem
319 1883 482 1970 justitiam,
508 1883 582 1969 quia
597 1884 712 1950 seilicet
733 1884 787 1970 qui
804 1884 903 1971 punit,
930 1897 965 1949 ut
982 1893 1067 1949 recte
1088 1882 1206 1970 puniat,

101 1977 154 2066 jus
171 1981 289 2048 habere
306 1982 401 2050 dehet
424 1983 466 2049 ad
482 1983 681 2071 puniendum,
702 1985 785 2069 quod
805 1984 859 2069 jus
874 2006 914 2048 cx
931 1983 1044 2048 delicto
1069 1983 1208 2047 nocentis

106 2079 252 2147 nascitur.
281 2082 385 2169 Atque
402 2082 461 2148 hac
476 2082 509 2147 in
524 2105 561 2148 re
578 2092 625 2149 est
640 2083 724 2148 aliud
740 2075 847 2171 “quod
863 2083 905 2149 ad
922 2090 1134 2148 contractuum
1151 2103 1208 2146 na-

105 2267 174 2316 eirus.
203 2267 256 2316 Nec
267 2269 391 2317 amacium
401 2271 492 2317 modum
502 2272 574 2331 calpe
584 2286 634 2318 rso·
683 2285 727 2319 nec
737 2272 778 2319 alii
787 2273 939 2333 interpretes,
954 2272 1012 2318 satis
1026 2272 1167 2332 expediente
1183 2277 1209 2321 et

105 2342 151 2389 dos
165 2350 200 2391 est
213 2345 422 2406 οάιίιίιιιιριειιω,
434 2361 485 2393 cum
497 2347 575 2405 seqjor
587 2347 632 2392 mi·
683 2344 753 2390 iscile
763 2358 778 2390 e
788 2344 902 2390 Librariis
912 2345 991 2390 omitti
1001 2344 1081 2404 potuit
1091 2345 1209 2404 particule

105 2432 195 2479 aerque
214 2421 371 2481 iraruyreeeio
391 2436 437 2467 non
460 2421 529 2466 usius
551 2421 633 2468 debeat
683 2419 734 2474 etsi,
750 2424 850 2479 propter
864 2423 1004 2478 sequentem
1018 2419 1077 2465 eine.
1108 2420 1163 2475 Qua
1178 2419 1209 2466 de

106 2493 265 2540 mantionis
300 2495 465 2553 praedamnari
497 2495 631 2555 supplicio:
683 2509 710 2542 re
715 2495 833 2555 judicium
844 2510 917 2556 penes
928 2496 1030 2543 Criticos
1041 2500 1101 2544 ceto.
1125 2494 1208 2557 J.B.]

101 2569 236 2626 prasertim
246 2583 297 2615 cusa
307 2570 413 2616 domim
422 2571 447 2615 in
455 2571 505 2631 lege
513 2583 559 2615 sua
566 2584 631 2629 proe·
728 2565 740 2599 θ
758 2567 828 2627 Quod
836 2567 871 2613 cd
880 2572 1038 2614 οοιιιναοιιοιιιι
1047 2573 1157 2614 saturam
1167 2582 1209 2614 ac·

105 2642 198 2703 cipiet:
227 2660 276 2705 pro
295 2659 405 2692 summa
423 2645 524 2706 peccati,
544 2645 591 2691 crit
611 2651 634 2692 ei
683 2640 757 2702 cedit]
774 2643 843 2701 Saepe
860 2643 906 2690 hoc
922 2641 1209 2701 notatSersius,sd1v.

102 2718 232 2777 placarum
242 2719 330 2766 medua
348 2719 410 2766 Vide
420 2720 482 2765 infra
490 2720 536 2766 hoc
546 2721 633 2780 capite,
683 2716 807 2773 AEneidos,
819 2719 895 2776 (vers.
906 2717 966 2774 696)
976 2732 1032 2763 num
1046 2718 1088 2778 qui
1097 2719 1211 2764 accedunt

106 2790 218 2853 §xxviii
235 2800 260 2840 et
275 2795 349 2841 mil.
365 2799 390 2841 et
406 2795 458 2842 hib.
473 2808 513 2841 ιιι.
529 2808 550 2841 c.
566 2795 632 2856 xij.
684 2792 832 2852 delinquendi
857 2792 956 2848 modum,
976 2793 1025 2852 ipsi
1045 2794 1092 2839 eiii
1115 2807 1211 2852 pernam

107 2864 150 2926 [In
166 2867 220 2914 loeo
236 2868 328 2914 'l'scrrr
345 2869 474 2930 legendum
491 2870 549 2915 mihi
566 2870 632 2915 wide·
683 2868 797 2913 ιαιιοίιιιιι.
837 2867 930 2913 ibidem
946 2868 980 2926 (in
991 2881 1056 2914 vers.
1068 2867 1125 2928 699)
1141 2869 1209 2914 dass-

105 2944 162 2987 tur:
178 2940 224 2988 Sin
232 2943 336 3003 flagitia
348 2949 370 2989 ei
374 2943 501 3002 facinora,
516 2955 571 2989 nrsr
583 2944 633 2989 eise
683 2942 1066 2999 „sacerdotalemque
1075 2955 1209 2991 mansure

105 3015 290 3064 somensac.
305 3017 528 3063 elimnonconstst
542 3029 633 3074 sensns,
683 3027 716 3060 nn
737 3026 845 3066 quocun
865 3026 948 3061 roms.
979 3016 1019 3061 Ad
1040 3030 1065 3062 x.
1084 3017 1209 3074 AEseidoe,

106 3102 179 3149 quem
194 3104 238 3138 nec
253 3090 431 3139 Freinshemius
446 3090 471 3136 in
486 3089 633 3150 paraphrasi,
684 3088 1032 3147 (rers.32)nnssrrscosrs:
1049 3090 1122 3148 tuane
1132 3089 1211 3148 idest,

105 3341 167 3396 slon
182 3346 212 3396 to
227 3341 259 3395 it.
304 3339 369 3393 And
389 3338 526 3410 although
541 3339 579 3394 ho
590 3338 652 3393 who
667 3339 691 3392 is
702 3335 842 3409 punished
854 3335 943 3406 ought
957 3341 988 3391 ιο
1001 3335 1073 3392 hare
1090 3355 1109 3392 a
1119 3339 1209 3393 moral

106 3427 199 3491 claim,
221 3442 254 3481 or
271 3431 302 3479 to
320 3425 357 3480 be
374 3424 491 3496 worthy,
511 3431 541 3480 to
564 3425 600 3479 be
623 3421 771 3496 punishcd,
789 3422 848 3477 still
871 3422 934 3476 that
954 3421 1022 3476 doce
1048 3430 1099 3478 not
1118 3440 1156 3497 go
1178 3431 1208 3480 to

105 3527 193 3584 prosc
206 3508 268 3564 that
282 3509 319 3565 he
330 3509 381 3564 has
395 3509 464 3564 such
479 3528 497 3565 a
510 3510 619 3582 quality
632 3527 663 3564 as
677 3508 843 3564 attributive
850 3509 954 3578 justice
965 3507 1098 3580 requires.

158 3598 216 3651 But
230 3595 341 3650 neither
353 3596 390 3650 do
401 3595 470 3669 they
480 3596 544 3651 who
557 3595 626 3651 hold
637 3595 699 3651 that
711 3594 864 3668 expletory,
875 3611 916 3660 or,
930 3612 961 3649 as
974 3595 998 3649 it
1013 3596 1035 3649 is
1050 3596 1210 3670 commonly

106 3682 206 3748 called,
221 3688 427 3755 commutatory
437 3683 548 3753 justice,
559 3682 583 3738 is
595 3682 736 3738 exercised
747 3682 777 3735 in
785 3680 981 3747 Punishment,
992 3682 1104 3754 explain
1116 3683 1208 3738 them·

105 3769 195 3824 solves
212 3768 314 3825 better.
352 3769 409 3824 For
423 3769 492 3842 they
503 3769 603 3841 regard
618 3768 668 3824 tha
683 3768 854 3823 transaction
872 3784 903 3822 aa
922 3768 948 3822 if
961 3769 1121 3843 something
1135 3787 1208 3826 were

105 3855 173 3925 paid
192 3861 222 3910 to
242 3855 292 3909 tha
306 3854 441 3919 offendor,
460 3871 491 3910 as
511 3855 534 3910 ie
553 3854 712 3926 commonly
727 3854 801 3908 dono
818 3854 849 3907 in
870 3860 1020 3909 contracta.
1059 3855 1139 3926 They
1159 3873 1209 3911 are

106 3938 239 3994 deceivod
251 3940 350 4012 bytho
364 3941 462 4012 vulgar
473 3943 633 4012 expression
646 3941 676 3994 in
690 3938 781 3993 which
795 3956 837 3994 we
851 3955 901 4011 say
912 3938 975 3992 that
987 3938 1209 3995 Punishmentis

107 4026 148 4078 tie
166 4025 217 4078 dus
236 4024 269 4077 oi
283 4023 343 4079 him
358 4024 421 4080 who
441 4024 492 4080 has
513 4025 721 4098 transgresscd;
738 4022 828 4078 which
845 4023 869 4077 is
885 4023 992 4094 plainly
1010 4039 1047 4076 an
1065 4024 1210 4095 improper

107 4109 277 4180 expression,
295 4109 341 4165 ior
354 4110 391 4165 he
410 4116 441 4165 to
460 4111 550 4166 whom
566 4110 703 4182 anything
729 4108 753 4163 is
772 4107 907 4179 properly
923 4124 940 4160 s
960 4107 1024 4171 due,
1035 4106 1087 4161 has
1101 4125 1119 4161 a
1132 4108 1209 4180 right

107 4210 175 4249 over
186 4193 314 4250 another.
355 4195 414 4250 But
425 4195 506 4251 when
519 4213 561 4251 we
572 4213 622 4268 say
634 4194 697 4249 that
707 4191 890 4265 punishment
900 4193 923 4245 is
935 4208 991 4264 any
1002 4185 1078 4245 ono's
1090 4191 1155 4256 dne,
1167 4210 1209 4250 we

107 4296 190 4334 mean
206 4278 324 4350 nothing
336 4279 393 4334 else
407 4280 478 4334 than
489 4281 552 4335 that
566 4282 589 4335 it
601 4282 624 4334 is
632 4281 693 4350 just
704 4278 767 4332 that
781 4276 818 4330 ho
830 4275 931 4330 should
946 4275 982 4331 bo
993 4276 1142 4347 punishcd.

159 4371 175 4420 3
198 4363 272 4430 Still,
285 4363 422 4428 however,
433 4366 491 4421 itis
506 4373 578 4432 truc,
592 4364 655 4420 that
668 4365 699 4417 in
712 4360 894 4434 punishment
906 4359 954 4416 tho
965 4363 1068 4432 justice
1079 4362 1171 4418 which
1184 4365 1209 4420 is

106 4449 250 4508 exorciscd
268 4449 291 4506 is
305 4450 336 4504 in
347 4448 397 4507 the
410 4448 473 4507 nra
483 4451 564 4525 place
578 4450 634 4507 end
642 4466 696 4523 per
706 4465 732 4504 ee
743 4447 888 4521 expletory
898 4448 1018 4520 justice:
1037 4447 1158 4508 οοοιιιιιο
1170 4449 1209 4509 he

992 4548 1106 4614 lit-s
