3000 5062
123 318 191 373 Cur.
204 314 300 387 xxt]
338 320 390 373 DE
413 320 617 375 POENARUM
641 322 1002 379 COlllllUNIChTIONE.
1160 319 1220 380 3ll

122 504 191 547 cum
222 482 400 549 dissuadere
432 484 584 549 debeant:
611 484 665 571 qui
693 485 809 552 fectum
839 487 971 554 reticent
1000 488 1083 576 quod
1112 498 1221 555 notum

122 580 227 646 fecere
243 604 283 646 ex
296 582 368 668 jure
389 583 492 669 aliquo
514 583 718 662 tenebantur;
745 586 778 649 hi
799 609 904 651 omnes
920 588 1022 674 puniri
1039 596 1176 675 possunt,
1195 588 1220 654 si

123 679 156 744 in
173 679 246 768 ipsis
261 681 331 746 telis
347 681 388 746 sit
404 681 521 747 malitie
537 703 607 768 quae
621 682 662 748 ed
679 684 823 750 meritum
840 708 940 772 poenae
956 688 1095 767 sufficiet,
1113 710 1220 753 secun-

123 778 198 843 dum
214 801 253 845 ee
269 801 339 866 quae
356 780 496 865 proxime
512 789 648 846 tractate
663 792 743 848 sunt.

198 879 242 942 11.
290 880 308 943 1
343 878 502 965 Exemplis
522 901 574 945 ree
598 880 652 945 fiet
676 881 832 949 illustrior.
882 884 1092 952 communitas
1106 884 1220 951 utalia

123 977 168 1041 ite
184 986 217 1043 et
233 976 330 1042 civilis
346 999 408 1043 non
431 986 556 1044 tenetur
578 1001 618 1044 ex
638 978 720 1046 fecto
743 981 944 1070 singulorum,
967 987 1033 1050 sine
1052 984 1135 1049 fecto
1152 1007 1218 1060 suo,

122 1085 178 1141 aut
203 1075 383 1142 omissione:
408 1078 487 1142 bene
514 1077 596 1142 enim
622 1078 833 1167 Augustinus3
864 1085 961 1148 aliud
993 1096 1040 1150 eet
1070 1087 1156 1167 quod
1183 1087 1219 1148 in
1232 1108 1332 1147 reme

117 1178 240 1261 populo
261 1178 394 1263 quisque
413 1178 509 1243 tabet
524 1189 695 1262 peccatum
712 1183 898 1265 proprium,
916 1185 1013 1248 aliod
1032 1176 1118 1268 qood
1138 1206 1220 1248 com-
1232 1155 1346 1202 mm

123 1297 227 1350 mune,
256 1278 345 1361 quod
370 1298 434 1340 erno
460 1278 570 1341 animo
591 1279 644 1357 fit,
674 1290 704 1342 et
733 1302 801 1344 una
824 1283 990 1348 volontate
1016 1285 1063 1346 ad
1088 1284 1221 1368 aliquid

122 1376 331 1440 multitudine
351 1387 546 1460 comparata
565 1379 784 1442 committitur.
832 1380 914 1445 Hinc
930 1381 963 1445 in
985 1381 1119 1447 formula
1135 1381 1220 1446 fode-

122 1492 191 1537 rum
208 1481 275 1538 est:
301 1466 368 1538 hSi
391 1475 516 1557 defecit
536 1477 669 1560 publico
693 1480 837 1547 coneilio.
885 1480 976 1544 Locri
997 1480 1081 1567 opud
1098 1479 1219 1545 Livium
1232 1499 1384 1544 measure.

122 1572 289 1638 ostendunt
305 1572 425 1638 senatui
443 1574 584 1638 Romano
602 1575 722 1661 culpem
739 1576 921 1643 defectionis
937 1579 1044 1666 procul
1060 1601 1080 1644 e
1094 1579 1220 1644 consilio

122 1749 170 1795 τοῦ
188 1748 399 1808 πλημμελοῦντος
418 1747 432 1795 ὅ
452 1748 499 1805 τήν
521 1748 648 1808 α’μαρτίαν
741 1751 799 1799 hSi
812 1754 900 1814 deserit
908 1755 1005 1814 publico
1019 1754 1128 1816 oonsilio]
1145 1755 1222 1817 Chry·

123 1822 231 1868 deurode
248 1822 439 1883 χαλεπώτερος·
453 1823 524 1883 peior
535 1829 648 1883 peccante
697 1832 816 1874 eoetomue
831 1829 860 1874 de
875 1829 968 1876 Statuir
982 1844 1024 1879 ru.
1040 1830 1081 1876 ὅτι
1095 1832 1123 1877 οὗ
1140 1832 1222 1878 κοινὸν

122 1897 165 1956 qui
176 1901 299 1957 peecatum
315 1898 408 1944 laudat.
438 1897 521 1958 (Tom.
533 1911 573 1944 ru.
590 1913 646 1958 peg.
697 1904 743 1956 τῆς
753 1902 853 1949 πόλεως
862 1905 893 1949 τὸ
904 1903 1040 1965 ἁμάρτημα
1050 1904 1164 1965 γέγονεν,
1173 1906 1220 1952 ἄλ-

121 1973 175 2032 28.)
197 1971 246 2027 Qui
254 1972 413 2019 facinorosum
423 1974 521 2019 adstans
531 1975 648 2030 hortatur,
697 1974 732 2021 hd
746 1976 880 2035 ἀνθρώπων
895 1981 971 2025 τινῶν
985 1978 1060 2040 ξένων
1073 1980 1113 2025 καὶ
1129 1980 1222 2034 tornhe-

122 2063 167 2108 pro
175 2048 277 2094 faciente
287 2048 390 2094 hebetur
398 2048 452 2108 lege
459 2049 647 2108 Langobardice,
698 2049 754 2109 δον,
769 2053 837 2098 οὐδὲν
848 2054 963 2113 λογισμῷ
973 2053 1120 2110 ποιούντων,
1134 2053 1149 2108 ἢ
1159 2053 1221 2101 τόλ-

122 2122 176 2169 Lib.
188 2136 205 2169 1.
219 2123 257 2169 tit
271 2122 304 2168 ix.
318 2121 379 2182 525.
410 2123 536 2182 videque
550 2137 579 2168 ex
589 2122 647 2168 Phi·
697 2141 731 2182 μῃ
748 2125 789 2170 καὶ
806 2127 949 2185 παρανομία
967 2124 1047 2185 πάσῃ.
1069 2124 1109 2171 nal
1130 2128 1173 2171 οὐκ
1189 2126 1221 2173 ἄν

122 2194 178 2245 lone
202 2203 228 2244 et
248 2198 356 2258 Joeepho
375 2212 431 2243 mox
449 2198 597 2257 proferemus
616 2197 647 2242 ed
698 2196 735 2251 εἴη
750 2198 846 2244 δίκαιον
859 2199 921 2258 ὑπὲρ
934 2201 981 2254 τῆς
995 2200 1221 2260 ολίγωνᾰαοιδοο-

121 2275 189 2337 517,
698 2272 754 2317 σίας
773 2273 852 2320 πόλιν
874 2275 1003 2329 τοσαύτην
1026 2274 1221 2336 α’ναρπάζεσθαι,

165 2361 177 2397 t
192 2351 249 2397 Non
263 2347 352 2409 vetant]
372 2348 555 2410 chrysostomus
570 2362 587 2396 1.
603 2349 647 2396 ad.
698 2346 740 2391 καὶ
748 2347 807 2392 τοὺς
815 2347 882 2392 οὐδὲν
890 2347 1037 2402 ἠδικηκότας
1046 2349 1137 2395 διδόναι
1145 2351 1222 2405 δίκην.

121 2441 203 2474 rerem
216 2425 329 2473 lude-or:
352 2425 436 2484 (Tom.
453 2438 488 2472 vr.
509 2440 565 2486 pag.
580 2425 647 2485 319.)
696 2420 754 2467 Non
770 2436 886 2469 commune
894 2423 975 2483 fictore
989 2424 1098 2471 delictum
1111 2426 1222 2484 civitatis,

120 2503 207 2562 ὥσπερ
228 2502 269 2548 οὖν
287 2502 334 2561 οὐχ
349 2500 371 2546 cl
392 2499 548 2546 κλέπτοντες
566 2500 647 2559 μόνον,
697 2496 739 2542 red
747 2499 1222 2560 aocnemmetadoenamnequtcune-
1284 2495 1287 2500 ’

121 2577 190 2624 ἄλλο’
205 2577 247 2623 nal
258 2577 281 2623 ol
292 2577 372 2636 κύριοι
386 2576 431 2635 μὲν
444 2575 515 2621 ὄντας
528 2575 647 2633 κωλῦσαι,
697 2576 723 2617 ta
733 2573 861 2619 temeritate
871 2587 900 2618 ao
911 2575 986 2634 lepum
996 2575 1133 2635 tqnoraurta
1141 2577 1224 2635 potius

120 2652 154 2708 μοὶ
176 2653 315 2698 κωλύοντες
334 2651 360 2697 dd
379 2650 428 2705 τήν
448 2649 526 2705 αὐτοῖν
545 2650 647 2696 ἐκείνοις
696 2649 1223 2712 quamrationesacerenlmequewoerquum,

120 2726 216 2772 διδόασι
227 2727 302 2779 δίκην·
316 2726 352 2772 ric
365 2739 410 2771 non
425 2724 445 2770 ii
459 2724 526 2770 modo
537 2724 646 2785 quiscer-
697 2728 723 2769 ut
735 2724 763 2769 ob
775 2738 909 2783 paucorum
924 2725 1067 2784 imperitiam
1084 2731 1151 2772 turta
1166 2725 1224 2772 urbe

121 2802 260 2861 tumsecere,
269 2799 311 2845 red
319 2806 340 2846 et
347 2800 389 2859 qui
395 2800 521 2858 prohibere
531 2814 582 2845 cum
588 2814 646 2858 poe·
697 2804 837 2846 everteretur
850 2805 872 2845 et
883 2815 976 2859 pernam
985 2801 1081 2860 ferrent
1094 2802 1169 2861 cnlpoe
1182 2818 1223 2848 ee·

120 2879 220 2921 sednon
224 2874 373 2933 prohihuere,
379 2873 648 2932 perterricrepam
697 2879 779 2920 certer.
811 2874 895 2931 (Touo.
908 2876 1083 2934 vr.peg.473.)
1113 2878 1222 2923 Ammie-
1253 2870 1257 2879 ⁸

119 2949 178 3006 pari
188 2954 283 3008 uterque
295 2961 372 3006 perna.
404 2947 442 2992 Sic
453 2961 507 2992 euin
518 2948 559 3005 qui
569 2947 648 2992 ceneri
698 2960 743 2991 nus
762 2947 824 2991 libro
842 2960 911 2992 xxx.
932 2947 960 2991 de
983 2948 1090 3006 Quadir:
1113 2950 1175 2995 nihil
1194 2965 1223 2995 ese

121 3029 239 3081 aegrotum
256 3022 374 3081 prohibet,
390 3021 467 3066 teneri
483 3019 550 3079 quael
565 3021 647 3067 vulne·
698 3020 812 3065 communi
819 3025 890 3064 mente
896 3033 1020 3077 procerum
1030 3021 1104 3078 pentir
1114 3021 1223 3067 delictum

121 3103 204 3154 resset,
213 3094 647 3153 nitidemchryeostomuenedcm.
698 3095 1000 3140 meeoerarteeinncrtror.
1031 3095 1157 3154 (Copti.)

121 3172 194 3217 erit.
224 3168 472 3229 (remmoth)

122 3414 162 3487 by
176 3414 251 3469 their
265 3413 369 3485 special
383 3412 472 3484 rights
487 3420 517 3468 to
531 3412 626 3468 forbid
641 3415 672 3480 it,
687 3414 723 3469 do
741 3419 793 3466 not
812 3413 907 3468 forbid
925 3414 963 3478 it,
982 3431 1014 3470 or
1028 3414 1112 3485 being
1126 3414 1222 3471 bound

124 3499 162 3571 by
177 3499 283 3553 similer
299 3498 387 3569 rights
402 3507 432 3554 to
446 3501 508 3571 giro
524 3498 569 3552 oid
585 3505 615 3555 to
631 3500 679 3554 the
694 3515 797 3571 person
812 3499 873 3554 who
888 3500 986 3555 suffers
1001 3517 1104 3572 wrong,
1119 3502 1156 3556 do
1171 3510 1223 3558 not

124 3586 161 3639 do
175 3601 223 3649 eo;
244 3583 325 3639 those
342 3584 404 3641 who
419 3585 456 3639 do
471 3592 522 3640 not
534 3585 662 3640 dissunde
677 3584 757 3640 when
771 3585 840 3657 they
852 3586 940 3657 ought
954 3593 984 3640 to
999 3587 1145 3653 dissuedc;
1159 3589 1222 3644 who

123 3670 196 3742 keep
210 3671 314 3725 silence
335 3671 402 3726 with
418 3672 520 3743 rogard
537 3680 567 3725 to
586 3689 603 3724 a
619 3672 677 3726 fect
695 3670 785 3725 which
803 3673 870 3744 they
889 3689 962 3727 were
982 3672 1079 3728 bound
1093 3673 1131 3744 by
1144 3691 1222 3729 some

123 3757 199 3829 right
213 3764 243 3811 to
256 3758 338 3813 melre
352 3758 453 3812 known
461 3777 469 3823 3
487 3758 524 3811 all
539 3757 619 3812 these
633 3775 698 3830 moy
709 3758 745 3812 bc
757 3757 905 3828 punished,
917 3758 942 3811 if
954 3758 1034 3814 there
1049 3759 1085 3814 be
1100 3760 1128 3811 in
1144 3760 1223 3815 thern

123 3843 192 3898 euch
204 3845 303 3898 melico
315 3860 345 3897 es
363 3845 470 3899 sufficee
484 3844 530 3898 for
542 3843 625 3915 pcnel
637 3844 739 3909 desert,
750 3845 900 3915 according
914 3850 944 3899 to
957 3844 1031 3899 whet
1043 3844 1094 3898 hes
1108 3845 1223 3916 elrcedy

122 3928 196 3982 been
208 3930 277 3983 said.

178 4013 217 4066 11.
255 4020 268 4066 1
293 4012 354 4067 Tho
366 4013 446 4084 thing
461 4014 516 4066 will
531 4013 567 4067 be
579 4012 662 4067 mode
674 4013 782 4067 clenrer
799 4012 837 4083 by
852 4013 989 4083 exemplo.
1017 4012 1126 4066 nervil
1139 4012 1223 4066 Conr-

124 4099 242 4167 munity,
263 4097 320 4151 like
337 4114 392 4168 any
409 4098 491 4153 other
511 4099 699 4168 Community,
718 4099 741 4151 is
761 4106 812 4151 not
831 4096 926 4151 bound
947 4097 984 4168 by
1002 4095 1052 4151 the
1070 4103 1116 4151 ect
1138 4097 1172 4151 of
1185 4113 1222 4151 en

122 4181 278 4236 individnel
290 4184 416 4236 member
428 4183 548 4246 thereos,
560 4181 678 4236 without
689 4198 767 4236 some
778 4188 824 4235 ect
837 4182 870 4236 of
878 4183 914 4235 ite
926 4197 996 4245 own,
1009 4197 1041 4235 or
1049 4197 1127 4235 sorno
1139 4183 1223 4236 omis-

124 4270 195 4323 eion.
232 4267 388 4336 Augustino
403 4283 465 4337 ooye
477 4266 549 4329 well,
566 4266 648 4321 There
664 4267 688 4320 ir
702 4284 720 4318 c
734 4266 871 4336 difference
885 4268 994 4320 between
1009 4268 1049 4320 tte
1060 4266 1142 4337 scuit
1156 4269 1222 4333 that,

124 4354 155 4407 in
175 4371 194 4407 c
210 4353 310 4424 people,
325 4352 386 4406 ecel
402 4368 501 4422 perron
522 4352 570 4405 har
584 4352 620 4424 os
634 4351 675 4405 lte
692 4368 771 4411 owru
793 4352 852 4404 arrd
868 4370 887 4406 ο
901 4352 984 4422 scuit
1001 4370 1121 4406 common
1133 4362 1159 4407 to
1173 4353 1222 4418 all,

123 4439 208 4493 which
226 4438 249 4492 ie
266 4438 416 4492 committed
428 4437 554 4491 wittone
571 4436 649 4490 mind
669 4437 727 4491 arrd
739 4454 787 4491 cere
801 4437 866 4492 will.
909 4437 974 4491 And
992 4437 1178 4511 accordingly,
1191 4440 1221 4493 in
