3000 5062
141 322 208 376 en».
223 319 303 390 xx]
583 322 634 376 nn
658 323 787 377 rmum

314 489 461 545 Interdum
475 497 525 546 aut
538 491 645 546 levibus
659 491 754 547 rideas
767 491 916 563 flagrmtia
930 494 1034 551 causis:

316 576 568 649 Quantulaeunque
582 577 654 632 adeo
669 586 713 633 est
728 579 845 644 occasio,
857 580 958 635 suffieit
972 581 1029 635 irm.

314 661 486 736 Chrysippus
500 681 558 718 non
573 664 648 718 dicet
662 663 747 729 idem,
761 682 814 719 nee
829 666 897 720 mite
912 666 1038 722 Thaletis

313 748 471 819 Ingenium,
485 749 616 822 dulcique
630 766 715 804 senen
729 750 835 805 vieinus
850 751 995 822 Hymetto,

313 834 369 898 Qui
383 841 493 906 partem
508 842 631 908 aeeeptoe
645 853 717 890 saera
732 837 807 891 inter
820 837 912 892 vinela
926 840 1026 894 acum

312 919 477 975 Aoeusatori
491 921 580 977 nollet
594 921 671 977 dare.
716 921 844 977 Plurima
856 923 926 979 felix

312 1006 455 1060 Paulatim
468 1007 537 1062 vitia
551 1013 636 1079 etque
650 1024 759 1064 errores
772 1009 851 1065 exuit
866 1025 971 1075 omnes,

312 1091 411 1146 Prima
424 1091 507 1148 dooet
521 1100 630 1149 reetum
643 1095 798 1165 sapientia:
824 1096 928 1167 quippe
943 1096 1045 1151 minuti

315 1177 434 1250 Semper
447 1184 477 1235 et
489 1180 594 1235 infirmi
607 1187 652 1235 est
666 1181 752 1234 animi
767 1182 915 1252 exiguique
929 1181 1059 1253 voluptas

313 1263 410 1319 Ultio:
435 1265 569 1320 eontinuo
583 1267 623 1321 sie
637 1266 745 1336 oolligo,
760 1267 836 1337 quod
850 1267 974 1322 mndieta

312 1346 423 1405 *Nemo
438 1352 526 1422 magis
540 1352 645 1422 gaudet
659 1369 744 1423 qnam
758 1353 871 1408 femina.

138 1445 259 1513 Eodem
273 1467 365 1513 sensu
382 1448 580 1516 Lactantius:
601 1452 747 1535 imperiti
764 1463 793 1516 et
809 1453 998 1537 insipientes
1009 1454 1171 1540 siquando
1187 1476 1241 1521 ao-
1254 1469 1298 1511 nu
1307 1471 1335 1511 a.
1344 1471 1375 1511 ¹2

139 1548 267 1631 cipiunt
285 1548 445 1631 injuriam
467 1571 549 1616 eoeoo
570 1560 600 1615 et
622 1551 855 1615 irrationabili
865 1554 988 1635 furore
1010 1554 1184 1630 ducuntur,
1210 1567 1241 1621 et

140 1647 184 1711 iis
200 1649 258 1730 qui
273 1649 339 1713 sibi
355 1659 466 1714 seaeant
481 1651 583 1715 meent
599 1650 773 1714 retribuere
789 1663 956 1715 conantur.

212 1748 234 1809 4
268 1745 383 1832 Liquet
405 1768 481 1835 ergo
498 1748 539 1814 ab
552 1746 676 1813 homine
690 1746 846 1812 hominem
862 1770 925 1813 non
945 1756 1031 1815 reete
1047 1748 1152 1837 puniri
1172 1757 1241 1815 ten·

141 1850 208 1908 tum
224 1844 372 1930 puniendi
389 1867 500 1912 eausa:
518 1868 588 1934 quas
601 1868 677 1935 orgo
690 1846 840 1913 utilitates
856 1856 973 1913 rectam
985 1848 1100 1914 iaciant
1116 1871 1240 1937 pennam

141 1941 309 2010 rideamus.

214 2043 270 2109 Vl.
314 2046 334 2109 1
368 2044 510 2111 Pertinet
532 2050 636 2109 eutem
659 2045 720 2111 hue
751 2066 913 2132 poenarum
938 2044 1075 2132 partitio,
1099 2068 1169 2132 quae
1192 2056 1242 2114 est

140 2143 226 2229 apud
243 2142 407 2209 Platonem
422 2142 549 2231 Gorgia,
568 2151 600 2208 et
617 2144 754 2209 Taurum
769 2144 983 2231 philosophum
1000 2144 1042 2209 ad
1054 2167 1125 2211 eum
1141 2144 1240 2212 locum

140 2242 228 2329 eujus
248 2243 347 2308 verba
367 2243 486 2308 Gellius
508 2242 619 2308 recitat
639 2243 1038 2330 libros'1.eap.xiv.nam
1059 2244 1242 2331 partitiones

139 2341 210 2406 istm
227 2363 267 2406 ex
283 2341 344 2406 fine
360 2342 510 2407 desumtso
531 2350 612 2418 sunt,
630 2341 688 2408 nisi
709 2344 792 2430 quod
809 2365 877 2407 eum
895 2343 972 2408 duos
989 2343 1066 2408 fines
1082 2343 1172 2408 Plato
1187 2367 1243 2432 po·

141 2439 261 2517 suisset,
287 2441 532 2507 emendationem
557 2449 590 2506 et
614 2442 801 2529 exemplum,
825 2441 952 2509 tertium
974 2442 1094 2508 addidit
1119 2444 1242 2509 Taurus

140 2541 324 2633 'raeuopion
350 2562 443 2627 quam
462 2540 605 2607 Clemens
626 2541 855 2608 Alexandrinus
880 2540 997 2618 definit,
1023 2544 1119 2610 κακοῦ
1141 2538 1241 2611 a'vro-
1255 2567 1392 2616 rasura

142 2632 277 2708 πὸδοσιν
306 2640 349 2709 eie
377 2637 421 2708 τό
447 2643 509 2708 τοῦ
540 2644 760 2734 τιμωροῦντος
787 2634 956 2736 συμφέρον
985 2636 1239 2736 ἀναφερομένην·

141 2741 224 2805 azali
248 2741 490 2806 retributioaan
522 2763 593 2826 αμα
619 2743 665 2805 ael
691 2744 848 2827 eaipeatis
877 2743 1057 2808 utilitatem
1090 2745 1241 2827 reflatur.

141 2837 334 2913 Aristoteles,
361 2838 414 2924 qui
436 2838 546 2903 omissa
571 2859 662 2926 poena
679 2840 859 2927 exemplari,
885 2840 965 2905 hane
986 2840 1084 2905 solum
1109 2842 1242 2929 speeiem

141 2959 210 3002 eum
240 2938 454 3003 emendatione
481 2937 578 3025 ponit,
608 2938 750 3005 adhiberi
776 2960 845 3004 eam
871 2938 955 3016 dicit,
982 2943 1043 3008 roi
1072 2943 1240 3016 noroberet
1255 2974 1375 3017 mann.

141 3114 236 3163 deira
256 3115 431 3175 sieloquitnr:
453 3116 515 3160 bane
533 3128 581 3161 esre
600 3115 668 3160 ulem
715 3114 775 3160 nesi.
808 3113 882 3172 (Cep.
898 3114 919 3161 7.
934 3128 991 3175 pag.
1008 3113 1063 3162 eso.
1092 3115 1144 3163 Ed.
1165 3116 1242 3166 Voles.

141 3191 216 3237 animi
239 3190 382 3246 diuturnum,
407 3188 567 3249 interdumque
581 3202 668 3248 perpe-
719 3187 806 3247 Gron.)

141 3262 668 3324 tuun,prudentesdefiniunt,nasciesmentts
761 3260 923 3322 r'i'urarolauJ
946 3263 1004 3309 Tria
1023 3263 1083 3321 haee,
1106 3266 1242 3325 νουθεσίαν,

140 3341 239 3386 mollitie
254 3344 392 3394 muscetum,
407 3338 435 3383 id
449 3342 577 3383 maerentes
592 3351 667 3396 arqu-
716 3337 847 3396 τιμωρίαν,
864 3337 979 3393 κόλασιν,
994 3339 1192 3397 emendationem,
1205 3356 1243 3388 ss-

140 3421 214 3461 mento
221 3413 351 3473 probabili,
363 3412 428 3471 quod
438 3411 602 3458 iracundiores
612 3415 666 3456 eunt
716 3411 883 3467 tisisetionem,
905 3414 1049 3473 exemplum,
1071 3415 1143 3460 etiam
1165 3416 1243 3476 Chry.

141 3487 294 3535 incolumibus
307 3486 423 3547 languidi,
445 3490 467 3531 et
475 3485 575 3545 serninoe
591 3487 667 3532 rneri-
716 3493 836 3534 sostomns
852 3488 921 3547 ponit
935 3490 959 3533 in
971 3492 983 3535 1
994 3490 1026 3534 ad
1040 3489 1149 3537 Corinth.
1161 3493 1191 3539 xi.
1203 3496 1242 3543 32,

142 3565 190 3620 bus,
201 3561 427 3620 etjuoenibsusener,
434 3560 573 3620 etselieibue
580 3576 666 3607 omra-
717 3562 800 3623 (Tom.
811 3576 851 3610 111.
861 3577 917 3624 pag.
928 3566 981 3624 424,
990 3567 1043 3613 425.
1074 3565 1124 3614 Ed.
1137 3568 1228 3630 Sosii.)

194 3815 211 3864 3
239 3810 268 3864 1t
289 3810 311 3865 is
327 3811 469 3866 therefore
484 3817 616 3884 contrary
636 3817 667 3866 to
688 3812 738 3867 tho
752 3819 816 3868 true
837 3819 939 3869 nature
955 3813 989 3868 of
1007 3830 1072 3867 man
1094 3816 1189 3887 eeting
1203 3831 1241 3871 on

140 3912 216 3958 man,
230 3900 261 3949 to
275 3896 334 3949 lind
348 3898 521 3952 satisfaction
536 3899 565 3951 in
577 3898 626 3952 tho
641 3899 707 3969 pain
722 3899 755 3952 oi
767 3898 887 3952 another
900 3916 1012 3969 person,
1025 3916 1056 3954 as
1070 3901 1146 3970 pain.
1185 3901 1240 3955 See

140 3979 260 4033 Juvenal
275 3997 313 4035 on
327 3983 468 4053 Iteronge.
503 3980 575 4052 [Sat.
587 3998 649 4038 ινα.
662 3981 737 4048 litu]
781 3984 820 4036 So
831 3984 1004 4037 Lactantius.

198 4071 216 4118 4
242 4065 394 4120 Thorosoro
412 4086 477 4122 man
491 4069 515 4122 is
529 4075 579 4123 not
593 4068 698 4138 rightly
711 4067 850 4138 punished
865 4068 903 4136 by
918 4085 984 4121 man
999 4067 1106 4136 merely
1126 4068 1173 4121 ior
1190 4068 1240 4124 the

141 4149 208 4203 sake
228 4149 262 4203 oi
281 4152 446 4225 punishing:
480 4153 521 4208 let
539 4171 571 4209 us
588 4169 636 4207 see
653 4153 723 4207 then
740 4152 815 4205 what
832 4151 927 4223 utility
945 4151 1041 4206 makes
1058 4152 1241 4223 punishment

141 4233 226 4305 right.

198 4318 248 4372 VI.
288 4324 303 4373 1
328 4320 371 4374 'l'o
385 4321 441 4375 this
455 4323 564 4393 subJeet
577 4323 701 4393 pertains
713 4322 762 4377 the
778 4322 897 4376 division
911 4322 944 4377 of
954 4320 1136 4393 punishment
1147 4325 1240 4381 stated

140 4407 170 4459 in
184 4405 290 4459 Plato’s
308 4406 434 4475 Gorgiae,
454 4408 511 4462 and
530 4410 639 4462 Taurus
657 4425 694 4463 on
713 4407 762 4463 the
781 4408 869 4479 place,
887 4425 917 4463 as
939 4408 1045 4480 quoted
1062 4409 1099 4481 by
1115 4410 1239 4468 Gellius:

139 4493 231 4548 whieh
244 4490 361 4546 division
373 4493 395 4545 is
408 4493 493 4546 taken
505 4493 579 4548 from
593 4493 643 4548 the
654 4494 710 4549 end
724 4494 759 4551 os
766 4494 964 4568 punishment;
976 4503 1076 4568 oreept
1087 4496 1150 4552 that
1158 4497 1241 4557 while
