3000 5062
114 298 181 352 Cur.
195 296 276 363 XX]
557 298 609 351 DE
632 298 769 352 POENIS.
1156 291 1218 354 319

112 469 171 538 est,
188 469 323 546 quotuor
339 460 494 548 precipue
519 461 725 547 pronuntiatis
748 462 825 539 niti;
852 485 984 548 quorum
1008 464 1141 551 primum
1160 476 1217 545 est,

113 563 216 626 Deum
234 582 311 636 esse,
337 568 371 625 et
394 582 461 626 esse
478 581 592 627 unum:
615 561 794 638 secundum,
812 563 914 627 Deum
932 563 1008 628 nihil
1025 586 1093 631 esse
1109 588 1218 632 eorum

114 681 185 744 quae
216 659 371 735 videntur,
401 658 457 724 sed
481 658 531 725 his
563 658 683 745 aliquid
715 660 894 726 sublimius:
929 662 1066 740 tertium,
1097 686 1118 730 a
1147 667 1217 731 Deo

115 756 219 823 curari
241 779 293 822 res
318 757 479 837 humanus,
497 767 530 823 et
553 757 735 843 aequissimis
759 759 897 825 arbitriis
917 760 1099 847 dijudicari:
1125 785 1219 850 quar-

114 864 192 933 tum,
219 857 352 922 eundem
378 857 482 922 Deum
510 855 650 942 opificem
679 879 747 923 esse
771 880 877 922 rernm
903 859 1039 925 omnium
1060 869 1152 927 extre
1173 884 1216 928 se.

116 956 195 1020 Haec
213 963 346 1040 quatuor
362 954 492 1021 totidem
508 955 649 1043 decalogi
665 956 831 1043 praeceptis
846 957 1049 1044 erphoentur.

190 1057 211 1118 2
245 1055 328 1120 Nem
343 1053 444 1141 primo
458 1062 568 1140 aperte
580 1053 716 1119 traditur
732 1055 794 1120 Dei
810 1056 934 1123 unitus:
952 1058 1088 1124 secundo
1104 1067 1219 1126 neturu

117 1154 183 1240 ejus
199 1153 413 1239 inconspicua.
430 1175 503 1218 nam
520 1162 649 1239 propter
665 1175 736 1218 eum
751 1153 855 1242 imago
872 1154 940 1241 ejus
957 1157 1077 1222 exstrui
1091 1166 1218 1224 vetetur

118 1251 238 1367 1)Ηο00
230 1275 271 1319 rr
290 1254 341 1316 12.
391 1252 554 1329 Quomodo
577 1259 611 1316 et
626 1244 841 1318 ι11011011οο00
863 1253 1004 1320 dicebat:
1025 1252 1215 1349 ὀφθαλμοῖς

118 1347 182 1443 Οὐχ
204 1347 333 1444 Ορᾷτᾱί,
360 1343 502 1419 ovdevi'!
486 1379 600 1427 &Olmie
622 1343 797 1442 dion?
758 1348 860 1419 αυτὸν
883 1346 983 1425 0113611
1007 1350 1156 1435 &limem
1176 1351 1217 1473 ἐξ

117 1446 238 1522 εἰκόνος
263 1442 418 1517 δύναται
444 1450 547 1514 oculte
567 1472 630 1514 000
655 1453 863 1536 conspicitur,
889 1475 938 1518 rec
932 1454 1219 1521 0011100100·ηεί-

118 1550 171 1621 iic
201 1552 289 1615 unde
316 1571 372 1615 uec
402 1551 579 1669 quiequam
604 1570 676 1612 eum
699 1562 807 1633 potest
827 1573 867 1615 ec
895 1554 995 1636 effipia
1025 1574 1217 1637 copuoeaere.

118 1641 230 1711 ¹‘Philo
262 1655 385 1724 autem
413 1643 475 1713 τᾶν
503 1642 649 1763 ἀόρατον
676 1645 969 1764 οἱκονογραφεῖν
952 1679 972 1729 η
999 1643 1220 1719 δοαπλοῖσσειν

119 1742 182 1838 οὐχ
205 1743 307 1812 ὅσιον·
329 1747 510 1831 profanam
526 1758 573 1810 eet
590 1750 659 1826 ejus
680 1749 739 1830 qui
754 1749 981 1831 incorupicuus
997 1760 1044 1812 eet
1054 1750 1220 1833 perpendo

119 1858 178 1908 aut
188 1847 370 1928 strependo
355 1847 531 1929 cmapiaem
542 1845 697 1909 cohihere.
749 1844 906 1909 Diodorus
923 1844 1352 1942 8101000οΜ000·1415·ζῖι

119 1935 260 2030 ἄγαλμα
287 1939 323 2010 οὗ
352 1937 576 2011 κατεσκεύασε
606 1934 729 2009 ira*
689 1971 731 2009 το
753 1973 796 2024 μη
788 1938 960 2036 νομίζειν
984 1940 1220 2038 ανθρωπόμορ·

120 2047 186 2130 φον
214 2043 294 2110 εἶναι
321 2038 383 2109 τᾶν
412 2036 511 2110 Orda·
534 2034 763 2106 ¹8imulacrum
780 2064 845 2107 nort
870 2045 1048 2120 comtituit,
1074 2047 1220 2130 eoquod

118 2142 226 2205 Deam
252 2163 317 2206 000
344 2141 525 2206 crederet}
522 2161 657 2204 romana
676 2142 792 2223 foruna
812 2162 885 2206 aesc.
937 2141 1083 2207 Tacitus.
1108 2144 1221 2209 Jadoei
1232 2158 1312 2200 ΗΜ
1312 2161 1344 2198 t

119 2250 221 2304 mente
237 2240 306 2304 cola
321 2261 481 2323 auumque
498 2260 615 2303 acmen
631 2240 725 2302 intell
724 2240 840 2322 icant.-
859 2242 1024 2324 profaaoa
1040 2263 1098 2327 quc
1091 2243 1221 2307 Deum

119 2338 279 2420 imapiace
307 2339 499 2402 mortalibus
525 2338 675 2402 materiic
704 2339 743 2402 in
772 2340 908 2422 speciem
937 2341 1105 2403 hominum
1135 2343 1221 2425 effia-

119 2446 213 2518 puat.
261 2434 450 2499 Plutarchus
476 2457 552 2500 vero
572 2457 628 2499 cur
654 2436 786 2499 ²¹¹Nume
816 2435 857 2500 de
884 2437 1007 2522 templis
1035 2437 1222 2503 simulachra

121 2532 281 2597 sustulerit
306 2553 430 2598 causam
454 2533 535 2599 hano
562 2533 687 2600 reddit:
717 2529 758 2606 ὠς
793 2529 851 2601 οὐκ
881 2531 1101 2630 ἐφάπτεσθαι
1136 2538 1221 2606 Θεοῦ
1235 2551 1367 2638 pam

121 2708 165 2753 hoc
172 2707 298 2767 fimdaoit
313 2709 422 2770 deditque
431 2712 498 2757 circa
512 2725 545 2768 rc,
558 2712 647 2770 major·
697 2712 880 2773 Ὶεροσολύμοιε
897 2714 980 2775 ἔσχον·
1005 2713 1114 2775 ditmar
1134 2716 1159 2762 dd
1179 2717 1222 2762 uui

121 2795 166 2840 que
175 2787 208 2827 ert
214 2797 277 2842 pare
285 2786 364 2843 operio
373 2785 412 2830 rui
422 2799 451 2831 ac
461 2785 552 2840 mlier,
567 2786 648 2846 φοῦ
696 2785 765 2841 ἀειδῆ
779 2788 856 2833 αὐτὸν
867 2787 1007 2847 versificum
1021 2790 1093 2846 εἶναι,
1108 2787 1167 2837 dra:
1182 2801 1224 2835 nec

121 2855 206 2913 oculor,
217 2858 359 2917 capitatione
369 2859 529 2904 oireudurert.
697 2861 771 2905 ullum
789 2861 962 2921 Hierosolymis
979 2864 1131 2909 simulacrum
1151 2864 1223 2910 iahe-

166 2928 178 2961 k
192 2929 266 2976 Philo
276 2931 362 2992 autem]
378 2932 445 2979 Dicit
455 2934 506 2979 hec
515 2934 580 2992 upnd
591 2933 646 2980 Phi·
698 2934 762 2990 baut,
778 2935 842 2994 quod
853 2936 932 2982 Deum
945 2936 1064 2983 crederent
1080 2951 1152 2996 neque
1169 2951 1224 2983 cou-

121 3003 200 3050 ionem
211 3019 253 3051 rex
263 3006 382 3066 Agrippa,
398 3008 463 3067 (pag.
475 3008 552 3065 1032.)
697 3009 766 3066 epici,
776 3022 848 3066 oeque
857 3009 934 3053 uerbis
944 3010 1062 3067 explicari
1067 3023 1145 3067 poree.
1162 3010 1224 3056 Vide

167 3078 173 3112 ¹
195 3080 353 3126 Simulacrum
368 3095 413 3126 000
431 3080 562 3141 cmlituit]
582 3081 648 3127 Dion
698 3086 724 3127 ct
735 3081 876 3126 Strabonem
886 3082 948 3126 libro
955 3093 1011 3125 xvr.
1023 3081 1165 3139 (prator.)

122 3156 183 3200 libro
197 3168 292 3201 xxxvi.
304 3157 371 3214 (pag.
381 3158 410 3200 41
421 3168 447 3203 n.
462 3155 650 3214 001100ρο.)
744 3163 761 3188 Ν
776 3154 869 3212 Numa]
892 3154 931 3199 De
948 3154 993 3199 hoc
1011 3154 1096 3198 Numae
1113 3154 1225 3201 instituto

122 3228 170 3276 oto·
184 3229 288 3289 ἄγαλμα
303 3229 647 3275 οὐδὸνὶναὺτοῐςποτᾶτοῑε
696 3227 750 3273 ride
774 3231 800 3273 et
819 3226 961 3286 Dionysium
981 3227 1225 3277 flulicemmemem.

123 3472 216 3527 where
238 3472 300 3526 said
320 3476 351 3526 to
374 3473 478 3529 violate
497 3475 548 3530 the
571 3474 665 3529 divine
688 3474 763 3528 1000.
807 3473 872 3529 And
891 3473 982 3530 hence
1004 3474 1055 3529 the
1072 3475 1224 3547 Emporon

121 3557 192 3611 hare
205 3556 309 3629 rightly
319 3557 379 3611 seid
390 3557 454 3613 that
465 3561 515 3614 the
529 3560 680 3614 infruction
698 3560 732 3614 of
742 3560 861 3632 religion
876 3561 899 3615 is
914 3577 932 3614 e
943 3577 1040 3632 wrong
1050 3562 1160 3632 against
1174 3562 1223 3620 ull.

178 3643 268 3695 XLV.
305 3649 318 3696 1
339 3644 380 3696 To
395 3646 522 3700 examine
536 3646 586 3701 the
595 3645 684 3701 whole
699 3652 811 3712 matter,
823 3663 864 3702 we
878 3654 953 3702 must
964 3647 1076 3701 remark
1088 3647 1151 3702 thet
1161 3654 1226 3704 true

123 3726 250 3798 religion,
262 3745 391 3783 common
403 3736 433 3784 to
446 3731 484 3784 011
496 3748 570 3803 eges,
581 3738 653 3786 rests
664 3732 770 3803 mainly
784 3750 822 3787 on
832 3733 898 3787 four
907 3733 1076 3805 principles;
1091 3734 1125 3786 01
1135 3734 1226 3789 which

123 3811 173 3866 the
184 3814 246 3868 first
257 3815 289 3875 is.
300 3814 363 3870 thet
372 3815 434 3870 God
447 3818 540 3880 existe,
550 3818 607 3871 und
619 3819 642 3872 is
651 3834 720 3873 one:
739 3818 789 3873 the
797 3819 909 3882 second,
921 3819 984 3872 thet
996 3819 1061 3872 (iod
1072 3819 1096 3871 is
1108 3824 1159 3873 not
1170 3836 1226 3890 any

124 3898 221 3952 risiblo
239 3899 340 3968 object,
358 3901 411 3955 bnt
431 3902 590 3973 something
608 3903 722 3974 higher:
746 3903 795 3957 the
818 3904 903 3966 third,
915 3903 978 3956 thet
997 3903 1062 3957 uod
1082 3919 1160 3956 cures
1180 3903 1227 3956 tor

123 3980 230 4035 humen
244 3984 345 4047 affairs,
362 3986 418 4038 end
430 3987 531 4057 jndgee
548 3988 628 4042 them
642 3987 709 4041 with
723 3988 833 4056 perfect
845 3988 961 4056 justice:
980 3985 1031 4040 the
1042 3985 1148 4049 fourth,
1163 3987 1227 4040 thet

126 4066 190 4119 God
202 4067 225 4120 is
237 4067 286 4121 tho
298 4076 408 4123 creator
419 4071 453 4123 01
459 4072 498 4124 eli
509 4071 592 4125 other
599 4071 702 4141 things.
737 4071 828 4125 Tbeso
840 4071 906 4124 four
917 4071 1011 4140 points
1022 4085 1071 4124 cre
1082 4070 1226 4125 delivered

125 4151 154 4202 in
167 4150 216 4204 the
227 4151 288 4205 first
299 4152 364 4206 four
378 4156 618 4209 commendments
630 4156 664 4209 01
675 4155 723 4210 the
738 4155 907 4224 Deculogue.

180 4242 196 4288 2
233 4237 289 4289 For
303 4236 332 4290 in
346 4236 396 4290 the
409 4238 479 4301 first,
492 4240 542 4294 the
559 4240 640 4309 unity
658 4240 692 4293 01
707 4239 772 4293 (iod
789 4241 812 4293 is
830 4238 937 4310 plainly
953 4238 1109 4293 delivered=
1129 4240 1159 4293 in
1176 4240 1226 4297 the

125 4321 237 4383 second,
248 4320 291 4374 his
306 4328 414 4386 nature,
426 4339 457 4377 us
474 4323 617 4387 inrisih103
634 4324 681 4377 for
692 4340 729 4379 on
743 4324 799 4379 this
814 4330 934 4379 account
948 4325 1009 4378 itis
1024 4323 1174 4378 forbidden
1194 4333 1225 4381 to

125 4405 209 4460 mehe
220 4422 276 4477 any
286 4407 378 4477 image
392 4407 426 4463 01
438 4407 506 4463 him.
542 4408 581 4463 80
594 4408 791 4475 Antisthenen
809 4409 1074 4475 Phi103Diodorue,
1090 4411 1227 4484 spenking
