3000 5062
301 315 364 379 140
511 323 564 380 DE
586 324 804 380 annuamus
825 324 875 380 AO
898 321 1190 380 spouslcsunus
1279 317 1353 388 [Lm.
1363 319 1403 375 11.

137 502 217 542 sasas
218 503 265 547 ..⁷
301 489 443 578 exemplo
468 510 536 572 suo,
555 512 625 556 cum
649 510 670 555 a
694 486 881 556 Samaritide
907 485 1024 553 femina
1047 507 1161 573 aquam
1183 484 1326 573 accipere
1341 508 1404 551 non

137 618 208 703 ipse
218 618 283 658 uva
301 589 466 669 recusavit,
487 588 566 679 legis
586 588 702 675 ubique
723 587 1019 654 observantissimus
1068 586 1131 651 Sed
1150 593 1183 651 et
1203 585 1276 650 olim
1299 585 1403 652 David

137 849 208 897 pm

301 688 386 776 apud
402 688 533 777 populos
553 687 744 778 irreligiosos
763 686 939 776 perfugium
961 685 1019 752 sibi
1036 684 1234 773 quasiverat
1251 707 1404 772 nusquam

137 804 185 841 m
195 801 264 842 ¹¹22
301 789 478 855 eonomine
501 788 718 876 reprehensus.
766 786 860 874 Apud
883 783 1233 873 JosephumSolomoni
1251 784 1404 872 templum

301 887 466 969 dedicanti,
485 896 518 954 ct
543 887 646 954 oranti
670 895 706 953 ut
731 886 819 952 Deus
843 885 886 951 ibi
909 885 1003 951 etiam
1028 883 1273 972 alienigenarum
1293 906 1404 971 preces

301 988 473 1066 exaudiret,
491 988 559 1053 haec
576 986 725 1054 tribuitur
741 985 861 1052 oratio:
886 978 978 1066 nascit
1004 1014 1060 1052 ουκ
1087 979 1306 1075 ἀπάνθρωποι
1338 1014 1404 1066 την

302 1083 403 1182 φύσιν
420 1082 531 1166 ε’σμέν,
549 1081 622 1156 οὐδὲ
639 1082 825 1178 ἀλλοτρίως
840 1080 923 1177 προς
940 1078 1016 1158 τοὺς
1033 1080 1099 1177 οὐχ
1120 1078 1309 1178 ὁμοφύλους
1326 1077 1403 1178 ἕχο-

300 1208 371 1266 prov·
394 1210 459 1253 noa
483 1209 594 1254 samaa
616 1188 794 1252 inhumano
812 1186 941 1270 iopenio
966 1206 1064 1268 oeque
1085 1184 1171 1250 male
1192 1186 1304 1270 affecti
1322 1206 1402 1270 erpo

301 1300 477 1352 extrancos.

375 1388 396 1451 5
429 1381 614 1470 Excipiendi
637 1382 678 1448 ab
695 1383 754 1448 hac
770 1383 883 1472 regula
904 1405 967 1449 non
987 1382 1032 1449 illi
1053 1391 1174 1450 tantum
1196 1382 1302 1471 populi
1323 1403 1402 1471 qnos

300 1483 558 1572 supradiximus,
581 1480 637 1547 sed
653 1481 779 1570 iusuper
798 1483 985 1549 Ammonitas
1003 1491 1036 1549 et
1052 1481 1211 1560 Moabitae,
1227 1483 1267 1548 de
1288 1483 1402 1570 quibus

299 1585 448 1671 scriptum
466 1592 514 1659 est
528 1582 623 1659 Dent.
635 1581 722 1647 xxiii.
735 1584 766 1647 6.
796 1585 875 1649 Non
891 1606 1014 1669 querco
1022 1585 1276 1670 prosperitatem
1292 1605 1402 1649 eoram

299 1682 358 1767 (ita
380 1682 495 1749 rectius
517 1681 663 1747 hocloco
686 1681 817 1747 verteris
838 1673 937 1755 nubib
954 1704 1047 1769 quam
1072 1703 1180 1770 pacem
1201 1683 1321 1767 eorum)
1344 1705 1403 1748 occ

298 1786 413 1849 bonum
425 1806 534 1850 eoram
546 1783 626 1847 ottte
641 1783 754 1848 dietas
771 1784 837 1848 tuis
851 1804 1005 1868 anquam.
1042 1781 1164 1861 Quibus
1174 1780 1279 1847 uerbis
1293 1781 1403 1848 federa

299 1881 436 1948 benefica
453 1904 524 1948 cum
546 1881 606 1947 illis
622 1880 743 1968 populis
760 1889 917 1958 vetantur,
941 1902 1004 1946 non
1022 1882 1114 1947 etiam
1134 1880 1188 1966 jus
1204 1880 1277 1946 belli
1293 1902 1401 1946 conce-

298 1981 403 2048 ditur:
428 1990 483 2048 aut
504 1988 599 2057 certe,
621 2001 695 2066 qus>
718 1980 925 2046 Hebraeorum
949 1981 1143 2067 quorundam
1166 1981 1321 2046 sententia
1341 1989 1400 2055 est,

297 2090 423 2146 vetatur
440 2102 503 2167 pax
524 2078 643 2146 abillis
665 2079 739 2166 peti,
757 2100 820 2144 non
840 2078 934 2145 etiam
954 2079 1059 2145 oblata
1081 2078 1188 2166 accipi.
1236 2080 1333 2145 Certe
1348 2080 1401 2167 jus

194 2203 208 2233 ι
298 2179 371 2245 belli
387 2181 419 2245 in
436 2178 629 2246 Ammonitas
645 2179 789 2244 Hebraeis
803 2186 937 2267 negatur
954 2178 1048 2244 Dent.
1059 2178 1088 2243 il.
1100 2179 1165 2244 19:
1183 2199 1284 2264 neque
1300 2179 1323 2244 J
1325 2180 1401 2265 eph-

296 2278 368 2345 thes
392 2300 481 2346 arma
504 2278 537 2344 in
559 2300 612 2343 eos
634 2277 741 2355 movit,
764 2277 823 2342 nisi
845 2286 916 2364 post
937 2285 1074 2344 tentatas
1093 2299 1193 2365 aequae
1214 2276 1299 2365 pacis
1320 2277 1399 2356 uias,

202 2405 239 2435 .ι.
297 2399 399 2465 neque
426 2377 531 2444 David
552 2376 611 2442 nisi
636 2376 794 2443 atrocibus
822 2375 941 2466 injuriis
966 2376 1132 2445 lacessitus.
1179 2378 1230 2443 De
1251 2376 1401 2445 societate

298 2477 409 2544 bellica
424 2477 554 2564 quaestio
569 2486 720 2563 superest.

373 2579 393 2641 6
424 2577 509 2641 Ante
524 2575 636 2663 legem,
654 2575 735 2640 hanc
752 2597 876 2663 quoque
892 2597 955 2642 non
972 2576 1110 2643 illicitam
1127 2575 1222 2643 fuisse
1239 2598 1310 2643 cum
1327 2599 1400 2665 pro-

178 2715 183 2727 ·
229 2714 235 2728 ·
296 2673 377 2740 sanis
391 2674 546 2763 gentibus,
563 2673 705 2760 exemplo
721 2685 853 2762 apparet
866 2676 1078 2754 ”Abrahami
1094 2675 1205 2763 impios
1223 2676 1400 2744 Sodomites

296 2772 377 2839 bello
393 2772 578 2860 adjuvantis.
619 2773 687 2838 Neo
702 2772 773 2862 lege
790 2774 888 2841 Mosis
903 2775 1068 2862 quiequam
1085 2775 1275 2864 generaliter
1290 2776 1350 2842 bac
1366 2776 1400 2843 in

294 2893 331 2938 re
348 2880 502 2938 mutatum
518 2870 643 2960 legitur.
695 2872 800 2960 Atque
815 2873 861 2940 ita
878 2873 1020 2940 videmus
1036 2875 1167 2940 sensisse
1184 2876 1398 2953 ”Asmouaeoa

200 3000 202 3005 ¹
294 2970 374 3060 legis
388 2981 421 3037 et
437 2970 553 3059 peritos
570 2980 603 3037 et
618 2982 801 3038 reverentes
818 2973 995 3051 admodum,
1013 2982 1049 3039 ut
1066 2995 1106 3039 ex
1122 2973 1271 3064 religiosa
1287 2975 1399 3042 sabba-

338 3137 357 3166 fl
372 3129 520 3191 Abrabams']
535 3131 604 3178 Idem
620 3144 675 3177 cnm
692 3128 779 3177 Esoole
795 3134 821 3176 et
870 3130 1006 3191 exemplum
1020 3131 1097 3177 secuti
1112 3130 1274 3192 Imperatores
1288 3135 1315 3178 et
1327 3145 1400 3193 reges

294 3204 378 3252 Ausro
387 3206 467 3252 fmdns
480 3206 545 3252 fecit.
568 3206 641 3264 (Gen.
652 3206 699 3253 xiv.
711 3204 762 3263 13.)
781 3204 821 3250 Sic
871 3205 1002 3253 Christiani
1017 3206 1099 3253 federa
1112 3212 1156 3253 ant
1168 3220 1223 3253 cum
1233 3220 1282 3252 nou
1294 3207 1400 3255 christi·

294 3284 319 3327 et
329 3280 408 3327 David
422 3295 477 3327 cnm
487 3280 549 3327 Achi
563 3286 588 3328 st
602 3281 690 3337 Nasso,
706 3280 820 3327 Solomon
869 3281 929 3337 anis,
943 3286 986 3327 ant
998 3294 1052 3327 cum
1066 3294 1115 3326 non
1132 3294 1189 3327 sane
1202 3281 1345 3328 Christianis
1360 3284 1399 3331 fe-

293 3368 349 3401 cum
372 3356 505 3417 AEgyptiis,
528 3358 580 3402 Asa
603 3369 657 3401 cum
682 3354 820 3401 Bonododo.
870 3369 931 3412 core,
948 3355 1398 3404 ConstantinusoanothlsstVau-

295 3429 371 3490 [Vide
388 3443 405 3477 1.
419 3432 484 3476 Sam.
500 3431 573 3477 xxvii.
597 3443 627 3477 11.
639 3432 703 3477 Sam.
719 3444 742 3475 x„
758 3431 780 3474 2.
802 3441 821 3473 1.
871 3427 938 3483 dalis,
960 3426 1112 3473 lastinianus
1136 3441 1191 3474 enm
1214 3428 1399 3488 Lougobardls:

296 3503 582 3563 Reg.iii1.otxv.19.]
870 3515 925 3547 cum
932 3501 1063 3557 Saracenis,
1072 3501 1165 3558 Alanis,
1174 3501 1282 3561 Gepidla,
1290 3503 1399 3563 Francis,

340 3585 352 3609 ¹¹
367 3578 504 3623 Armonaos
514 3577 573 3637 leqs's
590 3581 612 3622 et
623 3577 717 3635 peritos
726 3580 747 3622 et
757 3590 821 3622 reos-
871 3576 961 3632 Suesia,
972 3576 1094 3632 Vandalis,
1103 3576 1259 3633 Tbeodoains,
1268 3577 1399 3637 Honorius,

295 3656 371 3697 rentes
389 3650 527 3709 admodum]
550 3651 614 3696 Laus
632 3663 714 3695 eorum
740 3655 777 3696 est
795 3650 821 3695 in
871 3650 930 3709 Leo,
939 3651 1072 3708 Heraclius,
1083 3651 1193 3708 Basilius,
1202 3651 1399 3714 IanolnsAugs·

296 3725 437 3782 Thargnmo
452 3724 590 3780 chaldaico,
606 3723 631 3768 in
645 3722 712 3768 libris
723 3723 821 3769 Macca-
870 3725 916 3782 lus,
923 3725 1084 3786 Palaeologns:
1095 3739 1149 3772 cnm
1158 3726 1250 3772 Mauris
1259 3739 1330 3787 reges
1340 3728 1400 3777 uts-

295 3800 412 3857 baicis,ln
423 3800 698 3861 epistolaadHebrssos.
724 3799 820 3845 Horum
870 3800 948 3861 paules
965 3801 1082 3847 Alfomns
1101 3801 1258 3862 Hispalensis,
1276 3802 1399 3862 Bamlrus,

347 4054 369 4111 ,s
397 4046 513 4102 Besides
528 4047 578 4102 the
589 4049 738 4120 exception
753 4048 847 4104 ottho
862 4049 982 4120 Peoples
1001 4047 1036 4103 of
1051 4048 1175 4111 danaen,
1190 4049 1240 4103 the
1259 4047 1398 4106 Ammon·

292 4133 346 4188 ibes
359 4134 415 4187 and
434 4134 574 4189 Moabitas
586 4134 645 4189 also
660 4151 709 4190 are
731 4135 874 4206 excepted.
918 4135 1072 4190 Beneficial
1093 4134 1206 4205 leugues
1228 4134 1297 4190 with
1318 4136 1399 4191 them

291 4236 341 4274 are
352 4219 512 4285 forbidden,
523 4220 576 4276 but
590 4238 647 4275 war
661 4222 684 4275 is
698 4226 750 4274 not
764 4220 935 4276 authorized.
983 4221 1038 4276 See
1052 4219 1102 4275 the
1113 4236 1253 4292 passages.

350 4310 367 4360 6
397 4307 452 4361 See
474 4307 534 4362 also
559 4306 609 4361 the
631 4306 760 4377 example
780 4306 814 4361 of
830 4305 975 4361 Abrabam
993 4306 1051 4360 and
1073 4305 1117 4369 his
1139 4306 1240 4377 league
1260 4305 1330 4361 with
1347 4304 1400 4362 the

291 4388 359 4525 {ing
373 4391 407 4443 of
417 4391 531 4446 Sodom.
575 4390 640 4445 And
652 4391 702 4447 the
713 4391 880 4447 Maccabeos
894 4391 977 4446 made
992 4391 1106 4463 leagues
1124 4392 1192 4445 with
1211 4392 1321 4447 Greeks
1340 4391 1399 4447 and

319 4488 424 4528 omaus.
