3000 5062
274 297 318 363 96
640 308 692 361 DE
714 303 1004 362 Junnwnanno.
1248 298 1323 367 [Lus.
1337 300 1376 356 11.

110 501 235 584 ulmam
275 480 309 538 ct
332 472 374 537 ad
399 470 640 559 Aristophanem
667 468 861 537 Scholiastes
904 468 955 536 Sic
980 468 1137 553 Josephus
1162 488 1220 553 per
1245 465 1379 532 salutem

113 548 164 632 oei·
174 591 218 630 nu
229 591 258 629 ιο
277 570 480 638 Pharaonis
467 592 591 656 Jurasse
612 570 737 659 legitur,
761 591 801 634 ex
825 590 910 634 more
935 568 1019 656 apud
1042 566 1215 656 AEgyptios
1239 575 1378 653 recepto,

112 689 182 738 aas
191 688 213 729 1¹
222 689 241 726 2
277 692 369 758 quem
385 669 430 735 ibi
445 677 533 735 notat
550 670 769 745 Abenesdras3
792 668 940 733 cElisseus
957 689 1013 754 per
1030 666 1126 732 witam
1143 665 1231 733 Elim.
1267 665 1381 751 Neque

278 791 353 835 vero
371 769 514 834 Christus
527 768 672 834 Matthaei
687 791 717 833 v.
735 775 771 833 ut
783 767 908 854 quidam
921 766 1109 841 existimant,
1120 764 1213 829 haec
1199 775 1382 851 juramenta

277 869 346 935 vult
368 869 469 933 minus
494 890 561 933 esse
583 867 666 933 licita
682 889 775 953 quarn
793 888 864 952 quae
883 887 1030 953 expresso
1047 863 1109 929 Dei
1132 863 1256 929 nomine
1280 863 1380 930 fiunt:

277 969 333 1033 sed
350 990 419 1034 cum
434 966 564 1032 Hebraei
580 989 618 1032 ea
634 965 735 1031 minus
752 973 909 1044 curarent,
927 965 1071 1051 opinione
1087 963 1222 1051 quadam
1238 985 1302 1027 non
1318 962 1381 1028 dis·

277 1066 368 1132 simili
384 1066 465 1132 illius
481 1067 535 1152 qui
552 1065 641 1142 dixit,
656 1068 847 1151 ⁵Soeptrum
864 1087 928 1129 ooo
939 1076 1040 1150 putat
1053 1086 1117 1129 esse
1130 1066 1226 1138 Deos,
1245 1063 1383 1128 ostendit

278 1176 312 1231 ct
328 1167 395 1231 haeo
413 1188 480 1231 esse
497 1187 572 1230 vcra
587 1164 776 1250 juramenta.
819 1164 902 1228 Nam
920 1172 953 1228 et
969 1163 1122 1251 Ulpianus
1145 1161 1262 1247 optime
1281 1161 1382 1229 dixit:

115 1283 139 1319 L
149 1280 180 1317 a
191 1278 218 1317 Β
226 1280 252 1319 ἀι
284 1267 354 1345 Qui
362 1287 423 1347 per
435 1266 573 1329 salutem
584 1286 679 1328 estam
687 1264 798 1346 jurat,
818 1264 956 1328 Deum
933 1286 1052 1346 jotrare
1064 1264 1152 1327 videt
1139 1270 1203 1336 t,ur
1217 1254 1383 1347 “respectu

114 1326 262 1426 heddam
280 1365 364 1429 enim
387 1365 494 1427 divini
515 1364 677 1428 Numinis
693 1362 803 1444 jurat.
845 1361 897 1425 Sic
914 1361 1058 1426 Christus
1078 1359 1213 1426 ostendit
1233 1383 1305 1425 eum
1328 1360 1383 1446 qui

113 1434 145 1472 ⁹¹
279 1460 464 1546 templum
451 1468 551 1546 yurat,
526 1459 720 1525 tDeum
707 1481 816 1545 yurare
843 1459 897 1545 qui
924 1460 1040 1546 templo
1067 1459 1237 1547 praesidet3
1264 1470 1298 1526 et
1327 1458 1384 1545 qui

280 1559 403 1636 coelum,
423 1558 526 1624 Deum
543 1581 597 1645 qm
586 1558 690 1623 coelo
707 1558 795 1623 velut
810 1557 931 1624 insidet

356 1659 378 1722 2
412 1659 457 1723 At
480 1657 612 1723 Hebraei
634 1656 775 1746 magistri
800 1657 931 1723 istorum
952 1666 1127 1744 temporum
1151 1656 1383 1735 existimabant,

280 1778 344 1821 non
363 1756 515 1845 obstringi
535 1756 674 1821 homines
692 1756 880 1843 juramentis
900 1777 958 1843 per
974 1778 1026 1822 res
1045 1756 1185 1822 conditae
1201 1757 1301 1835 factis,
1324 1757 1385 1823 nisi

280 1855 403 1943 adjecta
420 1877 522 1942 poena,
543 1865 580 1921 ut
595 1856 622 1921 si
639 1877 699 1931 res,
721 1856 761 1920 de
777 1876 840 1941 qua
850 1853 1029 1942 jurabatur,
1047 1857 1117 1921 Deo
1138 1866 1383 1923 consecraretur.

280 1957 352 2022 Hoc
368 1954 451 2021 enim
463 1964 512 2021 est
523 1954 734 2040 juramentum
750 1952 886 2046 κορβᾶν,
905 1954 970 2019 sive
986 1951 1021 2022 ἐν
1035 1957 1085 2042 τῷ
1097 1947 1198 2045 δώρῳ,
1217 1954 1305 2040 cujus
1320 1976 1384 2020 non

282 2055 365 2123 dicto
387 2064 509 2121 tantum
530 2053 676 2120 Matthaei
698 2053 773 2130 loco,
801 2053 907 2118 sedin
929 2052 1098 2141 Tyriorum
1118 2074 1243 2139 quoque
1262 2053 1386 2142 legibus

281 2153 397 2220 mentio
412 2153 567 2231 exstabat,
591 2161 628 2219 ut
644 2175 683 2218 ex
699 2153 722 2218 J
724 2152 831 2239 osephi
847 2160 958 2218 contra
981 2151 1156 2238 Appionem
1172 2152 1385 2239 disputatione

325 2325 454 2373 ‘Elissae
461 2340 508 2386 per
520 2326 593 2372 uitam
603 2324 678 2385 Eric]
694 2327 765 2372 Adde
776 2339 806 2375 11.
856 2327 906 2373 rint
915 2341 1004 2383 vocem,
1011 2340 1059 2387 qua
1065 2328 1191 2372 uterentur
1199 2326 1230 2371 ad
1238 2338 1321 2371 omnes
1328 2324 1385 2372 Orl-

281 2398 377 2462 Bcgum
388 2400 419 2445 ir.
430 2403 470 2448 30.
486 2400 557 2447 Cant.
568 2400 593 2447 li.
604 2400 626 2445 7.
858 2402 920 2448 entis
926 2402 1028 2461 populos
1038 2400 1198 2460 designandos
1205 2415 1212 2445 ι
1219 2400 1386 2459 etlongeante

327 2475 436 2522 ‘Ovidii
453 2481 499 2532 ast,
524 2475 622 2522 Remed.
642 2475 723 2521 Amor.
745 2488 806 2522 wera.
857 2482 954 2536 tempus
964 2477 1095 2536 juramenti
1110 2476 1174 2521 illins
1188 2475 1328 2533 introducti,
1338 2488 1386 2520 vox

282 2550 335 2598 784.
366 2551 394 2597 J.
404 2550 439 2597 B.
859 2551 989 2611 Καρβάνοι
998 2553 1023 2597 ἰο
1033 2566 1079 2597 usu
1092 2556 1151 2608 erat,
1163 2565 1238 2611 quum
1251 2551 1386 2610 reperiatur

327 2623 340 2656 d
354 2625 468 2683 Respecto
484 2624 544 2670 enim
559 2623 635 2669 diuini
649 2623 808 2682 Numinisja·
858 2627 1077 2687 apudAEachylum,
1084 2626 1115 2672 ab
1123 2627 1230 2673 Auctore
1243 2625 1386 2683 ipsolanda·

283 2696 335 2756 rat]
352 2696 392 2742 ltu
402 2702 427 2744 et
438 2698 568 2744 Gratianus
575 2711 646 2744 causa
654 2711 809 2758 nunquan·
859 2706 920 2748 tum.
931 2703 959 2748 ln
971 2701 1086 2761 Euripide
1097 2705 1185 2755 umen,
1195 2714 1266 2760 quem
1274 2701 1338 2747 idem
1349 2701 1386 2746 in-

283 2772 350 2818 tione
361 2774 382 2817 1.
860 2777 932 2833 dicat,
942 2790 991 2823 non
1001 2776 1109 2836 reperio:
1122 2788 1201 2836 neque
1212 2776 1278 2821 illam
1293 2776 1387 2822 notavit

328 2846 495 2893 ‘verisimilis
514 2860 563 2893 non
581 2847 676 2893 videtur
691 2847 749 2892 mihi
768 2847 810 2894 illa
860 2851 885 2896 in
896 2852 978 2897 Indice
992 2865 1036 2896 suo
1048 2850 1184 2907 Barnesius,
1197 2851 1337 2909 ceteroquin
1350 2850 1387 2896 dl·

284 2921 436 2983 atymologia.
467 2921 621 2982 Neqneenlm
631 2922 811 2970 satnotlorant
859 2926 1040 2985 ligentissimua.
1058 2926 1161 2972 Videtur
1171 2926 1265 2972 Auctor
1274 2939 1329 2971 curn
1338 2926 1387 2972 istc

285 2996 377 3043 Gracia
387 3000 479 3042 veteres
489 2996 575 3053 Judoei,
584 2997 734 3043 utanomine
740 2998 810 3058 jura·
860 3000 937 3046 Poeta
962 3001 1096 3046 contudisse
1121 3000 1194 3046 alium
1219 3001 1386 3058 recentiorem,

283 3071 360 3118 menti
369 3071 434 3130 apud
443 3071 487 3117 hos
495 3072 578 3118 usitati
589 3071 714 3131 illipetere
724 3078 811 3132 potue·
861 3074 929 3134 cujus
944 3074 1011 3120 locus
1024 3075 1133 3121 adfertur
1150 3074 1175 3119 in
1191 3072 1293 3131 Lexicis,
1308 3072 1387 3135 Lyco·

284 3321 324 3395 by
334 3322 383 3378 the
397 3321 448 3378 life
462 3323 496 3378 of
506 3323 646 3390 Pharaoh,
659 3325 803 3396 following
817 3324 867 3379 the
878 3324 1020 3396 Egyptian
1032 3326 1157 3388 custom;
1171 3323 1228 3377 and
1243 3321 1342 3378 Elisba
1356 3328 1386 3379 ιο

285 3410 387 3481 Elijah,
398 3409 439 3465 Aa
453 3412 499 3481 thy
512 3412 571 3465 scut
586 3412 671 3475 livetlt,
686 3419 702 3465 2
715 3413 804 3481 Kings
817 3412 845 3464 ii.
859 3416 885 3465 2.

338 3495 404 3548 And
423 3495 526 3560 Christ,
541 3498 572 3549 in
587 3497 690 3550 Matth.
705 3514 742 3559 w.,
754 3496 822 3550 does
837 3503 896 3560 not,
918 3512 949 3550 as
972 3512 1049 3551 aomo
1069 3510 1199 3566 suppose,
1219 3494 1303 3549 teach
1323 3494 1387 3550 that

285 3578 366 3633 these
385 3578 466 3632 oaths
489 3595 538 3632 are
556 3579 611 3633 less
630 3580 725 3633 lawful
742 3579 811 3633 than
828 3579 908 3635 those
922 3582 952 3635 iu
966 3581 1057 3636 which
1082 3581 1167 3635 God's
1185 3597 1269 3635 name
1291 3581 1315 3635 is
1339 3598 1388 3634 cx·

285 3662 409 3734 prosscd,
423 3662 476 3716 but
488 3662 552 3717 that
571 3662 638 3735 thoy
652 3680 725 3718 were
740 3670 804 3718 true
823 3665 912 3731 oaths,
926 3667 1034 3737 though
1049 3667 1098 3722 the
1113 3666 1246 3720 Hebrews
1265 3665 1389 3736 thought

286 3762 365 3800 more
375 3745 476 3817 lightly
487 3745 520 3800 of
531 3746 618 3803 thom.
642 3748 681 3802 As
690 3750 796 3820 Ulpiun
811 3766 881 3821 says,
895 3753 958 3806 that
971 3752 1008 3807 he
1022 3752 1084 3806 who
1099 3768 1200 3807 swears
1215 3752 1253 3823 by
1267 3751 1310 3805 his
1326 3768 1389 3806 own

285 3831 431 3896 salvation,
446 3847 546 3885 swears
558 3831 595 3902 by
605 3833 685 3899 God3
704 3851 735 3889 so
748 3834 842 3889 Christ
856 3838 956 3908 taught
967 3837 1031 3893 that
1044 3836 1081 3893 ho
1096 3837 1158 3892 who
1170 3853 1271 3892 sweara
1286 3836 1324 3908 by
1338 3836 1389 3892 the

288 3917 402 3987 temple,
414 3934 447 3972 or
458 3916 495 3987 by
507 3916 623 3984 heaven,
635 3936 737 3974 sweare
752 3920 790 3992 by
803 3921 876 3975 God.

338 4009 356 4056 2
378 4003 439 4058 Tho
451 4002 572 4057 Hebrew
584 4004 710 4060 teaclrers
723 4006 756 4060 of
764 4006 827 4061 that
841 4008 909 4061 timo
921 4007 987 4064 held
997 4009 1060 4063 that
1071 4025 1137 4064 mon
1145 4024 1220 4063 wera
1231 4012 1282 4062 not
1291 4005 1390 4062 bound

285 4089 412 4145 inosths
426 4090 456 4143 in
467 4087 557 4144 which
570 4088 636 4161 they
648 4090 705 4145 had
719 4109 810 4147 aworn
828 4092 865 4164 by
884 4094 997 4148 created
1011 4095 1114 4163 things,
1129 4098 1229 4165 except
1243 4093 1293 4148 tho
1308 4090 1391 4163 thing

286 4192 377 4230 sworn
394 4176 441 4247 by,
462 4191 544 4238 wore,
562 4191 592 4230 as
612 4193 630 4229 a
648 4177 772 4250 penalty,
792 4179 888 4233 wowod
907 4185 937 4233 to
954 4179 1026 4233 God.
1066 4180 1134 4233 This
1154 4181 1178 4233 is
1198 4178 1247 4233 the
1269 4176 1338 4233 ooth
1359 4177 1394 4232 of

287 4261 405 4326 Certen,
418 4261 507 4315 which
519 4262 542 4316 is
554 4266 605 4315 not
616 4263 682 4334 only
694 4264 855 4319 mentioned
871 4265 901 4318 in
917 4265 1060 4329 Matthew,
1075 4264 1127 4318 but
1142 4265 1202 4318 also
1216 4280 1272 4318 was
1287 4263 1390 4317 known

287 4351 317 4401 to
325 4346 374 4401 the
383 4347 510 4418 Tyrians,
519 4363 549 4402 as
562 4364 603 4402 we
615 4349 695 4403 leam
709 4350 782 4404 from
793 4351 933 4422 Joaephus
945 4351 1054 4421 against
1063 4349 1185 4422 Appion.
1223 4349 1288 4403 llud
1300 4349 1391 4404 hence

286 4428 302 4485 1
319 4445 440 4503 suppose
459 4432 508 4488 the
523 4434 643 4489 oriental
661 4436 777 4507 peoples
792 4452 864 4493 were
881 4435 971 4492 called
986 4437 1124 4503 Korboni,
1143 4452 1174 4492 aa
1192 4435 1223 4492 in
1237 4433 1392 4509 AEschylus
