3000 5062
120 300 189 355 Car.
205 295 302 364 xvi]
443 298 496 351 DE
518 297 895 353 INTERPRETATIONE.
1162 288 1226 353 157

120 464 249 530 tellecta
273 472 358 527 aaut.
405 460 514 525 Reotoe
543 459 808 547 interpretationis
838 480 982 525 mensura
1004 465 1052 526 est
1085 459 1224 526 collectio

120 560 235 627 mentis
251 581 291 624 ex
308 558 406 647 signis
422 559 555 623 maxime
574 559 793 645 probabilibus.
844 561 912 624 'lla
934 558 1024 648 signa
1039 566 1112 624 sunt
1128 559 1225 624 duum

121 680 283 748 generum,
302 658 401 722 verba
417 665 449 722 et
465 657 650 744 conjecturae
666 657 756 723 aliae:
780 679 851 743 quae
870 663 925 723 aut
941 657 1069 723 seorsim
1086 658 1225 723 conside·

122 766 245 833 rantur,
260 764 316 822 aut
330 754 524 841 conjunctim.

200 856 243 919 ΙΙ.
296 853 330 920 Si
347 854 432 919 nulla
456 853 497 920 sit
515 852 691 941 conjectura
707 875 778 939 quae
795 853 888 918 ducat
909 852 980 929 alio,
1001 854 1098 919 verba
1113 852 1226 920 intelli-

124 953 228 1043 genda
244 962 316 1019 sunt
338 974 378 1017 ex
394 951 598 1039 proprietate,
624 946 707 1017 bnon
733 949 936 1041 grammatica
952 972 1023 1037 quae
1039 962 1088 1018 est
1108 972 1149 1017 ex
1164 953 1227 1017 ori-

124 1053 208 1142 gine,
224 1051 281 1118 sed
297 1050 442 1138 populari
459 1073 499 1116 ex
514 1074 582 1128 usu,

242 1170 334 1235 Quem
350 1186 437 1242 penes
454 1170 601 1224 arbitrium
620 1175 672 1234 est,
688 1176 718 1225 et
730 1169 778 1241 jus
795 1174 825 1225 et
846 1185 946 1224 norme
960 1168 1103 1241 loquendi.
1238 1184 1365 1224 namara

127 1266 231 1337 Stulte
253 1289 330 1355 ergo
354 1266 494 1354 perfidiae
516 1266 631 1355 effugio
654 1267 702 1332 usi
719 1275 792 1332 sunt
808 1265 927 1342 ‘Locri
954 1289 1023 1332 oum
1040 1267 1168 1354 polliciti
1190 1289 1226 1334 se
1239 1232 1360 1275 mn

125 1366 226 1454 pactis
248 1372 386 1431 staturos
400 1363 547 1451 quamdiu
563 1374 680 1430 terram
697 1366 777 1430 hanc
799 1365 977 1431 insisterent
992 1374 1026 1432 et
1040 1366 1144 1454 capita
1168 1368 1227 1432 hn-

126 1463 221 1531 meris
253 1472 424 1552 gestarent,
454 1472 573 1529 terram
599 1463 813 1529 calceamentis
838 1463 990 1550 injectam,
1023 1473 1056 1531 et
1083 1466 1226 1532 alliorum

127 1563 232 1649 capita
252 1561 390 1628 humeris
408 1561 551 1647 imposita
575 1562 764 1648 abjecerunt,
790 1563 878 1648 quasi
902 1585 940 1628 eo
963 1563 1054 1629 modo
1075 1564 1226 1653 religione

128 1682 162 1727 se
186 1670 313 1748 possent
330 1660 500 1736 exsolvere,
519 1681 590 1745 quse
613 1660 746 1726 historia
761 1661 845 1747 apud
862 1661 1029 1746 Polybium
1044 1670 1166 1728 exstat:
1189 1684 1227 1728 ae

129 1759 235 1824 similis
260 1758 400 1846 perfidiae
423 1758 565 1845 exempla
589 1757 707 1844 aliquot
731 1759 814 1845 apud
835 1758 1027 1845 Polyaenum,
1051 1781 1121 1846 quae
1140 1769 1227 1826 tran-

128 1858 265 1925 scribere
281 1857 359 1922 nihil
375 1879 453 1944 opus
469 1865 525 1932 est,
542 1855 616 1941 quia
631 1857 873 1922 controversiam
890 1878 952 1921 non
969 1858 1095 1924 habent.
1136 1859 1227 1945 Ejus-

129 1956 213 2022 modi
237 1955 397 2022 fraudibus
412 1963 498 2020 recte
523 1955 603 2020 dixit
620 1954 729 2020 Cicero
746 1954 909 2044 adstringi,
935 1976 997 2019 non
1015 1955 1140 2022 dissolvi
1157 1979 1228 2045 per·
1239 1990 1373 2076 &oyem

125 2077 254 2142 yurrnm.

206 2154 267 2220 ill.
318 2145 378 2217 ‘¹ln
393 2151 509 2218 artium
526 2159 631 2218 autem
648 2151 812 2231 vocabulis,
831 2174 901 2239 quae
917 2152 1049 2240 populns
1064 2150 1118 2218 vix
1134 2153 1228 2241 capit,

130 2330 171 2374 tur
186 2327 246 2374 cain
261 2342 300 2375 res
315 2327 375 2387 ipaoe
388 2341 437 2387 qua
452 2326 534 2373 uolunt
548 2325 657 2384 homines,
709 2325 842 2372 Parcarum
855 2325 917 2386 erip.
933 2326 957 2371 in
969 2326 1110 2373 Mshumete
1119 2327 1155 2373 11.
1172 2341 1231 2388 pag.

132 2404 247 2450 wesema
262 2404 308 2451 illa
328 2402 440 2463 primitus
458 2403 570 2462 impositu
586 2402 658 2448 rebus
706 2404 759 2447 132.
790 2400 990 2461 sciatque.
1003 2401 1071 2448 1654.
1102 2402 1131 2448 J.
1140 2402 1186 2462 B.]

131 2479 194 2525 sitit
202 2483 317 2526 curantes.
347 2478 476 2538 (Capu.)
749 2475 1232 2537 “Inus-tiumcatcmuocnbalislhngus.

175 2552 287 2614 esocis]
312 2552 434 2613 Polybius,
457 2551 511 2598 Lib.
525 2564 575 2597 xrr.
596 2567 618 2599 0.
633 2553 658 2599 4.
705 2552 771 2597 tinus
780 2551 805 2595 in
815 2551 955 2598 rhetoricis:
975 2551 1233 2600 Utmnltaaooatnst

133 2628 288 2688 Simileqnod
300 2628 380 2674 Boeoti
394 2628 478 2673 urbam
488 2626 590 2687 polliciti
603 2627 658 2674 red-
706 2641 722 2672 a
733 2627 843 2673 technicr'r
852 2631 875 2672 ct
887 2628 1142 2688 mathematicisquam
1151 2629 1232 2688 apst-

132 2703 197 2761 dere,
212 2716 261 2748 non
278 2707 383 2750 stantem
397 2703 439 2748 sed
455 2716 561 2749 eversam
577 2702 658 2747 reddi-
705 2701 811 2761 loeophie
826 2704 1025 2762 cognominantur,
1041 2705 1148 2763 accipere
1163 2704 1232 2751 debe.

133 2777 196 2825 ders.
232 2776 340 2838 Thucyd.
359 2790 383 2822 v.
404 2776 465 2836 (cup.
482 2777 522 2834 42)
545 2781 571 2822 et
591 2776 657 2836 qnod
705 2776 1233 2835 murnentamprorolitousucomuctudiais,

133 2852 283 2898 Msbnmetes
307 2852 429 2909 Sultsnus‚
464 2852 557 2897 Euboea
579 2857 659 2911 capta,
705 2864 777 2909 quam
784 2864 830 2909 pro
841 2850 971 2896 conditione
976 2852 1099 2910 precepti.
1122 2850 1231 2910 (Capi).

132 2939 187 2972 enm
201 2926 314 2973 dissecuit
331 2926 368 2972 cui
384 2930 457 2985 caput
471 2926 590 2973 incolume
606 2926 659 2972 fore
706 2924 811 2982 Princip.
822 2924 942 2971 Rhetoric.
957 2925 1019 2970 falso
1028 2924 1064 2970 1111
1074 2925 1176 2973 Ductori
1185 2925 1230 2972 tri-

132 3001 281 3061 promiserat.
313 2999 387 3060 [Vide
410 3000 435 3047 J.
451 2999 604 3046 Cusrrruss.
629 2999 659 3045 de
705 2995 841 3055 buterum.)

133 3225 207 3281 from
215 3225 265 3282 the
272 3232 345 3281 most
356 3223 492 3296 probabis
499 3223 587 3294 signs.
622 3221 713 3276 These
722 3222 797 3292 signs
806 3235 855 3274 are
864 3221 896 3275 01
905 3225 960 3274 two
968 3218 1059 3282 kinds,
1069 3222 1167 3287 words,
1177 3223 1235 3277 and

134 3310 410 3380 othereonjecturee3
427 3308 518 3361 which
527 3322 576 3360 are
584 3306 749 3359 considered
757 3304 849 3358 either
857 3304 1015 3375 separately
1024 3319 1057 3358 or
1067 3306 1231 3378 conjointly.

188 3397 226 3451 Π.
260 3395 291 3448 11
297 3394 377 3447 there
389 3394 412 3446 is
423 3407 461 3444 no
472 3393 632 3461 conjecturo
641 3389 731 3444 which
745 3389 838 3459 points
849 3387 969 3442 another
982 3404 1068 3458 away,
1083 3389 1132 3444 the
1143 3391 1235 3447 words

133 3498 182 3536 are
191 3488 222 3533 to
230 3479 267 3532 be
276 3477 509 3540 understood,n0t
517 3474 703 3546 accordingto
710 3473 965 3546 grammaticaland
974 3473 1236 3545 etymologicsl,but

133 3563 256 3639 popular
265 3561 417 3633 propriety,
431 3579 461 3616 as
476 3560 622 3633 regulated
633 3561 672 3633 by
682 3576 775 3632 usage.
819 3559 894 3614 Thst
907 3575 963 3614 was
977 3559 1108 3615 afoolieh
1121 3562 1235 3616 evasion

134 3649 279 3706 therefore
293 3648 326 3702 01
337 3646 386 3702 the
397 3648 539 3713 Locrisns,
554 3646 624 3712 who,
638 3647 719 3701 when
733 3647 801 3719 they
812 3645 869 3701 had
879 3662 971 3701 sworn
984 3645 1048 3701 that
1059 3645 1128 3719 they
1141 3648 1235 3704 would

134 3737 207 3808 keep
221 3734 295 3789 their
309 3740 438 3804 compact
452 3751 482 3788 as
497 3734 564 3803 long
582 3749 612 3787 as
626 3733 694 3804 they
709 3733 791 3788 stood
807 3749 886 3805 upon
897 3731 946 3787 the
958 3731 1040 3788 earth
1053 3733 1111 3788 and
1125 3734 1236 3791 carried

135 3820 222 3875 heads
235 3835 272 3874 on
285 3820 360 3873 their
371 3819 525 3885 shoulders,
539 3825 592 3890 put
606 3819 686 3874 earth
701 3819 731 3872 in
746 3818 821 3874 their
839 3818 931 3883 shoes,
949 3819 1006 3872 and
1023 3818 1110 3873 heads
1124 3819 1158 3874 01
1172 3837 1235 3890 gar.

137 3905 192 3960 lici
205 3922 243 3959 ou
254 3904 329 3959 their
347 3904 503 3969 shoulders,
521 3903 576 3958 und
591 3903 660 3959 then
675 3905 763 3959 threw
778 3904 856 3959 them
868 3920 963 3974 awaye
984 3920 1015 3957 as
1029 3904 1055 3957 11
1069 3903 1138 3974 thoy
1150 3903 1235 3957 could

136 3990 167 4045 in
189 3989 252 4044 thet
274 4007 335 4060 way
355 3990 415 4045 free
437 3990 604 4045 themselves
625 3990 701 4043 from
722 3988 797 4042 their
814 3988 899 4042 oath:
931 4003 962 4040 ss
989 3987 1039 4040 tho
1060 3992 1138 4057 story
1156 3987 1181 4040 is
1204 3987 1236 4039 in

136 4075 279 4146 Polybius.
304 4074 396 4129 There
410 4091 459 4130 are
473 4091 551 4130 some
562 4072 704 4142 examples
716 4073 749 4125 01
760 4071 866 4126 similar
877 4069 935 4124 bad
948 4068 1020 4123 saith
1034 4069 1064 4122 in
1077 4069 1236 4140 Polyaenus,

136 4158 226 4214 which
238 4160 261 4213 it
269 4160 292 4213 is
303 4165 354 4213 not
366 4175 512 4230 necessary
523 4165 553 4213 to
568 4156 731 4219 transcribe,
744 4155 865 4208 because
877 4153 958 4206 there
969 4153 993 4206 is
1005 4168 1043 4206 no
1055 4162 1236 4224 controversy

136 4245 168 4298 in
190 4245 259 4298 such
279 4260 365 4299 cases.
413 4244 511 4298 Cicero
535 4240 639 4313 rightly
659 4256 732 4311 says,
752 4237 816 4292 thet
832 4234 902 4291 such
923 4236 1045 4290 artifices
1059 4236 1097 4290 do
1119 4242 1170 4291 not
1190 4254 1238 4319 er.

136 4335 261 4393 tenuate,
274 4329 327 4385 but
341 4328 475 4384 establish
489 4326 607 4399 pertidy.

193 4415 248 4468 111.
292 4414 326 4467 1n
341 4420 428 4468 terme
445 4412 478 4466 01
489 4418 542 4475 art,
559 4411 698 4475 however,
718 4406 806 4464 which
822 4423 871 4463 are
881 4405 1031 4480 populsrly
1042 4406 1144 4480 hardly
1155 4406 1239 4465 intel·
